@article{Thomas:2011rh,
      author         = "Thomas, Christopher E. and Edwards, Robert G. and Dudek,
                        Jozef J.",
      title          = "{Helicity operators for mesons in flight on the lattice}",
      journal        = "Phys. Rev.",
      volume         = "D85",
      year           = "2012",
      pages          = "014507",
      doi            = "10.1103/PhysRevD.85.014507, 10.1103/PhysRevD.85.039901",
      eprint         = "1107.1930",
      archivePrefix  = "arXiv",
      primaryClass   = "hep-lat",
      reportNumber   = "JLAB-THY-11-1368",
      SLACcitation   = "%%CITATION = ARXIV:1107.1930;%%"
}

@article{Jaus:2002sv,
      author         = "Jaus, Wolfgang",
      title          = "{Consistent treatment of spin 1 mesons in the light front
                        quark model}",
      journal        = "Phys. Rev.",
      volume         = "D67",
      year           = "2003",
      pages          = "094010",
      doi            = "10.1103/PhysRevD.67.094010",
      eprint         = "hep-ph/0212098",
      archivePrefix  = "arXiv",
      primaryClass   = "hep-ph",
      SLACcitation   = "%%CITATION = HEP-PH/0212098;%%"
}

@article{Shultz:2015pfa,
      author         = "Shultz, Christian J. and Dudek, Jozef J. and Edwards,
                        Robert G.",
      title          = "{Excited meson radiative transitions from lattice QCD
                        using variationally optimized operators}",
      journal        = "Phys. Rev.",
      volume         = "D91",
      year           = "2015",
      number         = "11",
      pages          = "114501",
      doi            = "10.1103/PhysRevD.91.114501",
      eprint         = "1501.07457",
      archivePrefix  = "arXiv",
      primaryClass   = "hep-lat",
      reportNumber   = "JLAB-THY-15-2004",
      SLACcitation   = "%%CITATION = ARXIV:1501.07457;%%"
}
@article{Krutov:2004qx,
      author         = "Krutov, Alexander Fedorovich and Troitsky, Vadim
                        Eugenievich",
      title          = "{Relativistic effects in the electromagnetic structure of
                        rho meson}",
      year           = "2004",
      eprint         = "hep-ph/0403046",
      archivePrefix  = "arXiv",
      primaryClass   = "hep-ph",
      SLACcitation   = "%%CITATION = HEP-PH/0403046;%%"
}
@article{Krutov:2004vc,
      author         = "Krutov, A. F. and Troitsky, V. E.",
      title          = "{Form-factors of composite systems by generalized
                        Wigner-Eckart theorem for Poincare group}",
      journal        = "Theor. Math. Phys.",
      volume         = "143",
      year           = "2005",
      pages          = "704",
      doi            = "10.1007/s11232-005-0100-3",
      note           = "[Teor. Mat. Fiz.143,258(2005)]",
      eprint         = "hep-ph/0412027",
      archivePrefix  = "arXiv",
      primaryClass   = "hep-ph",
      SLACcitation   = "%%CITATION = HEP-PH/0412027;%%"
}
@article{Briceno:2016mjc,
      author         = "Briceno, Raul A. and Dudek, Jozef J. and Edwards, Robert
                        G. and Wilson, David J.",
      title          = "{Isoscalar $\pi\pi$ scattering and the $\sigma$ meson
                        resonance from QCD}",
      journal        = "Phys. Rev. Lett.",
      volume         = "118",
      year           = "2017",
      number         = "2",
      pages          = "022002",
      doi            = "10.1103/PhysRevLett.118.022002",
      eprint         = "1607.05900",
      archivePrefix  = "arXiv",
      primaryClass   = "hep-ph",
      reportNumber   = "JLAB-THY-16-2287, DAMTP-2016-47",
      SLACcitation   = "%%CITATION = ARXIV:1607.05900;%%"
}
@article{Briceno:2015tza,
      author         = "Brice\~no, Ra\'ul A. and Hansen, Maxwell T.",
      title          = "{Relativistic, model-independent, multichannel $2\to 2$
                        transition amplitudes in a finite volume}",
      journal        = "Phys. Rev.",
      volume         = "D94",
      year           = "2016",
      number         = "1",
      pages          = "013008",
      doi            = "10.1103/PhysRevD.94.013008",
      eprint         = "1509.08507",
      archivePrefix  = "arXiv",
      primaryClass   = "hep-lat",
      reportNumber   = "JLAB-THY-15-2140",
      SLACcitation   = "%%CITATION = ARXIV:1509.08507;%%"
}

@article{McNeile:2006qy,
      author         = "McNeile, C. and Michael, Christopher",
      title          = "{The Decay constant of the first excited pion from
                        lattice QCD}",
      collaboration  = "UKQCD",
      journal        = "Phys. Lett.",
      volume         = "B642",
      year           = "2006",
      pages          = "244-247",
      doi            = "10.1016/j.physletb.2006.09.056",
      eprint         = "hep-lat/0607032",
      archivePrefix  = "arXiv",
      primaryClass   = "hep-lat",
      SLACcitation   = "%%CITATION = HEP-LAT/0607032;%%"
}
@article{Mastropas:2014fsa,
      author         = "Mastropas, Ekaterina V. and Richards, David G.",
      title          = "{Decay constants of the pion and its excitations on the
                        lattice}",
      collaboration  = "Hadron Spectrum",
      journal        = "Phys. Rev.",
      volume         = "D90",
      year           = "2014",
      number         = "1",
      pages          = "014511",
      doi            = "10.1103/PhysRevD.90.014511",
      eprint         = "1403.5575",
      archivePrefix  = "arXiv",
      primaryClass   = "hep-lat",
      reportNumber   = "JLAB-THY-14-1858",
      SLACcitation   = "%%CITATION = ARXIV:1403.5575;%%"
}

@article{Jansen:2009hr,
      author         = "Jansen, K. and McNeile, C. and Michael, C. and Urbach,
                        C.",
      title          = "{Meson masses and decay constants from unquenched lattice
                        QCD}",
      collaboration  = "ETM",
      journal        = "Phys. Rev.",
      volume         = "D80",
      year           = "2009",
      pages          = "054510",
      doi            = "10.1103/PhysRevD.80.054510",
      eprint         = "0906.4720",
      archivePrefix  = "arXiv",
      primaryClass   = "hep-lat",
      reportNumber   = "DESY-09-095, LTH-833, SFB-CPP-09-56, HU-EP-09-28",
      SLACcitation   = "%%CITATION = ARXIV:0906.4720;%%"
}

@article{Chen:2015tpa,
      author         = "Chen, Ying and Alexandru, Andrei and Draper, Terrence and
                        Liu, Keh-Fei and Liu, Zhaofeng and Yang, Yi-Bo",
      title          = "{Leptonic Decay Constant of $\rho$ at Physical Point}",
      year           = "2015",
      eprint         = "1507.02541",
      archivePrefix  = "arXiv",
      primaryClass   = "hep-ph",
      SLACcitation   = "%%CITATION = ARXIV:1507.02541;%%"
}

@article{Iritani:2017rlk,
      author         = "Iritani, Takumi and Aoki, Sinya and Doi, Takumi and
                        Hatsuda, Testuo and Ikeda, Yoichi and Inoue, Takashi and
                        Ishii, Noriyoshi and Nemura, Hidekatsu and Sasaki, Kenji",
      title          = "{Are two nucleons bound in lattice QCD for heavy quark
                        masses? -- Sanity check with L\"uscher's finite volume
                        formula --}",
      year           = "2017",
      eprint         = "1703.07210",
      archivePrefix  = "arXiv",
      primaryClass   = "hep-lat",
      reportNumber   = "YITP-17-24, UTCCS-P-102, RIKEN-QHP-301",
      SLACcitation   = "%%CITATION = ARXIV:1703.07210;%%"
}
@article{Iritani:2016jie, 
      author         = "Iritani, Takumi and others",
      title          = "{Mirage in Temporal Correlation functions for
                        Baryon-Baryon Interactions in Lattice QCD}",
      journal        = "JHEP",
      volume         = "10",
      year           = "2016",
      pages          = "101",
      doi            = "10.1007/JHEP10(2016)101",
      eprint         = "1607.06371",
      archivePrefix  = "arXiv",
      primaryClass   = "hep-lat",
      reportNumber   = "RIKEN-QHP-244, YITP-16-91",
      SLACcitation   = "%%CITATION = ARXIV:1607.06371;%%"
}


@article{Ji:2013dva,
      author         = "Ji, Xiangdong",
      title          = "{Parton Physics on a Euclidean Lattice}",
      journal        = "Phys. Rev. Lett.",
      volume         = "110",
      year           = "2013",
      pages          = "262002",
      doi            = "10.1103/PhysRevLett.110.262002",
      eprint         = "1305.1539",
      archivePrefix  = "arXiv",
      primaryClass   = "hep-ph",
      SLACcitation   = "%%CITATION = ARXIV:1305.1539;%%"
}

@article{Meissner:2014dea,
      author         = "Meiﬂner, Ulf-G. and RÌos, Guillermo and Rusetsky,
                        Akaki",
      title          = "{Spectrum of three-body bound states in a finite volume}",
      journal        = "Phys. Rev. Lett.",
      volume         = "114",
      year           = "2015",
      number         = "9",
      pages          = "091602",
      doi            = "10.1103/PhysRevLett.117.069902,
                        10.1103/PhysRevLett.114.091602",
      note           = "[Erratum: Phys. Rev. Lett.117,no.6,069902(2016)]",
      eprint         = "1412.4969",
      archivePrefix  = "arXiv",
      primaryClass   = "hep-lat",
      SLACcitation   = "%%CITATION = ARXIV:1412.4969;%%"
}

@article{Hansen:2016ync,
      author         = "Hansen, Maxwell T. and Sharpe, Stephen R.",
      title          = "{Applying the relativistic quantization condition to a
                        three-particle bound state in a periodic box}",
      journal        = "Phys. Rev.",
      volume         = "D95",
      year           = "2017",
      number         = "3",
      pages          = "034501",
      doi            = "10.1103/PhysRevD.95.034501",
      eprint         = "1609.04317",
      archivePrefix  = "arXiv",
      primaryClass   = "hep-lat",
      SLACcitation   = "%%CITATION = ARXIV:1609.04317;%%"
}

@article{Tan:2007bg,
      author         = "Tan, Shina",
      title          = "{Three-boson problem at low energy and implications for
                        dilute Bose-Einstein condensates}",
      journal        = "Phys. Rev.",
      volume         = "A78",
      year           = "2008",
      pages          = "013636",
      doi            = "10.1103/PhysRevA.78.013636",
      eprint         = "0709.2530",
      archivePrefix  = "arXiv",
      primaryClass   = "cond-mat.stat-mech",
      SLACcitation   = "%%CITATION = ARXIV:0709.2530;%%"
}
@article{Beane:2007qr,
      author         = "Beane, Silas R. and Detmold, William and Savage, Martin
                        J.",
      title          = "{n-Boson Energies at Finite Volume and Three-Boson
                        Interactions}",
      journal        = "Phys. Rev.",
      volume         = "D76",
      year           = "2007",
      pages          = "074507",
      doi            = "10.1103/PhysRevD.76.074507",
      eprint         = "0707.1670",
      archivePrefix  = "arXiv",
      primaryClass   = "hep-lat",
      reportNumber   = "NT@UW-07-11, UNH-07-02",
      SLACcitation   = "%%CITATION = ARXIV:0707.1670;%%"
}
@article{Hansen:2015zta,
      author         = "Hansen, Maxwell T. and Sharpe, Stephen R.",
      title          = "{Perturbative results for two and three particle
                        threshold energies in finite volume}",
      journal        = "Phys. Rev.",
      volume         = "D93",
      year           = "2016",
      pages          = "014506",
      doi            = "10.1103/PhysRevD.93.014506",
      eprint         = "1509.07929",
      archivePrefix  = "arXiv",
      primaryClass   = "hep-lat",
      SLACcitation   = "%%CITATION = ARXIV:1509.07929;%%"
}

@article{Hansen:2016fzj,
      author         = "Hansen, Maxwell T. and Sharpe, Stephen R.",
      title          = "{Threshold expansion of the three-particle quantization
                        condition}",
      journal        = "Phys. Rev.",
      volume         = "D93",
      year           = "2016",
      number         = "9",
      pages          = "096006",
      doi            = "10.1103/PhysRevD.93.096006",
      eprint         = "1602.00324",
      archivePrefix  = "arXiv",
      primaryClass   = "hep-lat",
      SLACcitation   = "%%CITATION = ARXIV:1602.00324;%%"
}

@article{Guo:2016fgl,
      author         = "Guo, Peng",
      title          = "{One spatial dimensional finite volume three-body
                        interaction for a short-range potential}",
      year           = "2016",
      eprint         = "1607.03184",
      archivePrefix  = "arXiv",
      primaryClass   = "hep-lat",
      SLACcitation   = "%%CITATION = ARXIV:1607.03184;%%"
}

@article{Guo:2017ism,
      author         = "Guo, Peng and Gasparian, Vladimir",
      title          = "{An solvable three-body model in finite volume}",
      year           = "2017",
      eprint         = "1701.00438",
      archivePrefix  = "arXiv",
      primaryClass   = "hep-lat",
      SLACcitation   = "%%CITATION = ARXIV:1701.00438;%%"
}

@article{Briceno:2017tce,
      author         = "Brice\~no, Ra\'ul A. and Hansen, Maxwell T. and Sharpe,
                        Stephen R.",
      title          = "{Relating the finite-volume spectrum and the
                        two-and-three-particle S-matrix for relativistic systems
                        of identical scalar particles}",
      year           = "2017",
      eprint         = "1701.07465",
      archivePrefix  = "arXiv",
      primaryClass   = "hep-lat",
      reportNumber   = "JLAB-THY-17-2400",
      SLACcitation   = "%%CITATION = ARXIV:1701.07465;%%"
}
@article{Agadjanov:2016fbd,
      author         = "Agadjanov, Andria and Bernard, VÈronique and Meiﬂner,
                        Ulf-G. and Rusetsky, Akaki",
      title          = "{The $B\to K^*$ form factors on the lattice}",
      journal        = "Nucl. Phys.",
      volume         = "B910",
      year           = "2016",
      pages          = "387-409",
      doi            = "10.1016/j.nuclphysb.2016.07.005",
      eprint         = "1605.03386",
      archivePrefix  = "arXiv",
      primaryClass   = "hep-lat",
      SLACcitation   = "%%CITATION = ARXIV:1605.03386;%%"
}
@article{Collins:2011mk,
      author         = "Collins, S. and others",
      title          = "{Dirac and Pauli form factors from lattice QCD}",
      journal        = "Phys. Rev.",
      volume         = "D84",
      year           = "2011",
      pages          = "074507",
      doi            = "10.1103/PhysRevD.84.074507",
      eprint         = "1106.3580",
      archivePrefix  = "arXiv",
      primaryClass   = "hep-lat",
      reportNumber   = "DESY-11-102, EDINBURGH-2011-18, MKPH-T-11-13",
      SLACcitation   = "%%CITATION = ARXIV:1106.3580;%%"
}

@article{Alexandrou:2011db,
      author         = "Alexandrou, C. and Brinet, M. and Carbonell, J. and
                        Constantinou, M. and Harraud, P. A. and Guichon, P. and
                        Jansen, K. and Korzec, T. and Papinutto, M.",
      title          = "{Nucleon electromagnetic form factors in twisted mass
                        lattice QCD}",
      journal        = "Phys. Rev.",
      volume         = "D83",
      year           = "2011",
      pages          = "094502",
      doi            = "10.1103/PhysRevD.83.094502",
      eprint         = "1102.2208",
      archivePrefix  = "arXiv",
      primaryClass   = "hep-lat",
      reportNumber   = "DESY-10-216",
      SLACcitation   = "%%CITATION = ARXIV:1102.2208;%%"
}

@article{Capitani:2015sba,
      author         = "Capitani, S. and Della Morte, M. and Djukanovic, D. and
                        von Hippel, G. and Hua, J. and J‰ger, B. and Knippschild,
                        B. and Meyer, H. B. and Rae, T. D. and Wittig, H.",
      title          = "{Nucleon electromagnetic form factors in two-flavor QCD}",
      journal        = "Phys. Rev.",
      volume         = "D92",
      year           = "2015",
      number         = "5",
      pages          = "054511",
      doi            = "10.1103/PhysRevD.92.054511",
      eprint         = "1504.04628",
      archivePrefix  = "arXiv",
      primaryClass   = "hep-lat",
      reportNumber   = "MITP-15-026, HIM-2015-01, CP3-ORIGINS-2015-012,
                        DIAS-2015-12",
      SLACcitation   = "%%CITATION = ARXIV:1504.04628;%%"
}

@article{Lin:2010fv,
      author         = "Lin, Huey-Wen and Cohen, Saul D. and Edwards, Robert G.
                        and Orginos, Kostas and Richards, David G.",
      title          = "{Lattice Calculations of Nucleon Electromagnetic Form
                        Factors at Large Momentum Transfer}",
      year           = "2010",
      eprint         = "1005.0799",
      archivePrefix  = "arXiv",
      primaryClass   = "hep-lat",
      reportNumber   = "NT@UW-10-13, JLAB-THY-10-1173",
      SLACcitation   = "%%CITATION = ARXIV:1005.0799;%%"
}

@article{Yoon:2016dij,
      author         = "Yoon, Boram and others",
      title          = "{Controlling Excited-State Contamination in Nucleon
                        Matrix Elements}",
      journal        = "Phys. Rev.",
      volume         = "D93",
      year           = "2016",
      number         = "11",
      pages          = "114506",
      doi            = "10.1103/PhysRevD.93.114506",
      eprint         = "1602.07737",
      archivePrefix  = "arXiv",
      primaryClass   = "hep-lat",
      reportNumber   = "LA-UR-16-20524",
      SLACcitation   = "%%CITATION = ARXIV:1602.07737;%%"
}


@article{Chambers:2017tuf,
      author         = "Chambers, A. J. and others",
      title          = "{Electromagnetic form factors at large momenta from
                        lattice QCD}",
      collaboration  = "UKQCD, QCDSF, CSSM",
      year           = "2017",
      eprint         = "1702.01513",
      archivePrefix  = "arXiv",
      primaryClass   = "hep-lat",
      reportNumber   = "ADP-17-06-T1012, DESY-17-019, Edinburgh-2017-02,
                        LTH-1119",
      SLACcitation   = "%%CITATION = ARXIV:1702.01513;%%"
}

@article{Aznauryan:2008pe,
      author         = "Aznauryan, I. G. and others",
      title          = "{Electroexcitation of the Roper resonance for 1.7 < Q**2
                        < 4.5 -GeV2 in vec-ep ---> en pi+}",
      collaboration  = "CLAS",
      journal        = "Phys. Rev.",
      volume         = "C78",
      year           = "2008",
      pages          = "045209",
      doi            = "10.1103/PhysRevC.78.045209",
      eprint         = "0804.0447",
      archivePrefix  = "arXiv",
      primaryClass   = "nucl-ex",
      reportNumber   = "JLAB-PHY-08-811",
      SLACcitation   = "%%CITATION = ARXIV:0804.0447;%%"
}


@article{Dugger:2009pn,
      author         = "Dugger, M. and others",
      title          = "{pi+ photoproduction on the proton for photon energies
                        from 0.725 to 2.875-GeV}",
      collaboration  = "CLAS",
      journal        = "Phys. Rev.",
      volume         = "C79",
      year           = "2009",
      pages          = "065206",
      doi            = "10.1103/PhysRevC.79.065206",
      eprint         = "0903.1110",
      archivePrefix  = "arXiv",
      primaryClass   = "hep-ex",
      reportNumber   = "JLAB-PHY-09-939",
      SLACcitation   = "%%CITATION = ARXIV:0903.1110;%%"
}

@article{Aznauryan:2009mx, 
      author         = "Aznauryan, I. G. and others",
      title          = "{Electroexcitation of nucleon resonances from CLAS data
                        on single pion electroproduction}",
      collaboration  = "CLAS",
      journal        = "Phys. Rev.",
      volume         = "C80",
      year           = "2009",
      pages          = "055203",
      doi            = "10.1103/PhysRevC.80.055203",
      eprint         = "0909.2349",
      archivePrefix  = "arXiv",
      primaryClass   = "nucl-ex",
      reportNumber   = "JLAB-PHY-09-1067",
      SLACcitation   = "%%CITATION = ARXIV:0909.2349;%%"
}

@article{Aznauryan:2011qj,
      author         = "Aznauryan, I. G. and Burkert, V. D.",
      title          = "{Electroexcitation of nucleon resonances}",
      journal        = "Prog. Part. Nucl. Phys.",
      volume         = "67",
      year           = "2012",
      pages          = "1-54",
      doi            = "10.1016/j.ppnp.2011.08.001",
      eprint         = "1109.1720",
      archivePrefix  = "arXiv",
      primaryClass   = "hep-ph",
      reportNumber   = "JLAB-PHY-11-1409",
      SLACcitation   = "%%CITATION = ARXIV:1109.1720;%%"
}

@article{Ishii:2006ec,
      author         = "Ishii, N. and Aoki, S. and Hatsuda, T.",
      title          = "{The Nuclear Force from Lattice QCD}",
      journal        = "Phys. Rev. Lett.",
      volume         = "99",
      year           = "2007",
      pages          = "022001",
      doi            = "10.1103/PhysRevLett.99.022001",
      eprint         = "nucl-th/0611096",
      archivePrefix  = "arXiv",
      primaryClass   = "nucl-th",
      reportNumber   = "UTCCS-P-30, TKYNT-06-19, UTHEP-534",
      SLACcitation   = "%%CITATION = NUCL-TH/0611096;%%"
}

@article{Aoki:2009ji,
	Archiveprefix = {arXiv},
	Author = {Aoki, Sinya and Hatsuda, Tetsuo and Ishii, Noriyoshi},
	Doi = {10.1143/PTP.123.89},
	Eprint = {0909.5585},
	Journal = {Prog.Theor.Phys.},
	Pages = {89-128},
	Primaryclass = {hep-lat},
	Reportnumber = {TKYNT-09-19, UTHEP-591},
	Slaccitation = {%%CITATION = ARXIV:0909.5585;%%},
	Title = {{Theoretical Foundation of the Nuclear Force in QCD and its applications to Central and Tensor Forces in Quenched Lattice QCD Simulations}},
	Volume = {123},
	Year = {2010},
	Bdsk-Url-1 = {http://dx.doi.org/10.1143/PTP.123.89}}

@article{HALQCD:2012aa,
      author         = "Ishii, Noriyoshi and Aoki, Sinya and Doi, Takumi and
                        Hatsuda, Tetsuo and Ikeda, Yoichi and Inoue, Takashi and
                        Murano, Keiko and Nemura, Hidekatsu and Sasaki, Kenji",
      title          = "{Hadron?hadron interactions from imaginary-time
                        Nambu?Bethe?Salpeter wave function on the lattice}",
      collaboration  = "HAL QCD",
      journal        = "Phys. Lett.",
      volume         = "B712",
      year           = "2012",
      pages          = "437-441",
      doi            = "10.1016/j.physletb.2012.04.076",
      eprint         = "1203.3642",
      archivePrefix  = "arXiv",
      primaryClass   = "hep-lat",
      SLACcitation   = "%%CITATION = ARXIV:1203.3642;%%"
}

@article{Aoki:2012tk,
      author         = "Aoki, Sinya and Doi, Takumi and Hatsuda, Tetsuo and
                        Ikeda, Yoichi and Inoue, Takashi and Ishii, Noriyoshi and
                        Murano, Keiko and Nemura, Hidekatsu and Sasaki, Kenji",
      title          = "{Lattice QCD approach to Nuclear Physics}",
      collaboration  = "HAL QCD",
      journal        = "PTEP",
      volume         = "2012",
      year           = "2012",
      pages          = "01A105",
      doi            = "10.1093/ptep/pts010",
      eprint         = "1206.5088",
      archivePrefix  = "arXiv",
      primaryClass   = "hep-lat",
      SLACcitation   = "%%CITATION = ARXIV:1206.5088;%%"
}

@article{Aoki:2013cra,
      author         = "Aoki, Sinya and Ishii, Noriyoshi and Doi, Takumi and
                        Ikeda, Yoichi and Inoue, Takashi",
      title          = "{Asymptotic behavior of Nambu-Bethe-Salpeter wave
                        functions for multiparticles in quantum field theories}",
      journal        = "Phys. Rev.",
      volume         = "D88",
      year           = "2013",
      number         = "1",
      pages          = "014036",
      doi            = "10.1103/PhysRevD.88.014036",
      eprint         = "1303.2210",
      archivePrefix  = "arXiv",
      primaryClass   = "hep-lat",
      reportNumber   = "UTHEP-658, RIKEN-QHP-79",
      SLACcitation   = "%%CITATION = ARXIV:1303.2210;%%"
}

@article{Sasaki:2015ifa,
      author         = "Sasaki, Kenji and Aoki, Sinya and Doi, Takumi and
                        Hatsuda, Tetsuo and Ikeda, Yoichi and Inoue, Takashi and
                        Ishii, Noriyoshi and Murano, Keiko",
      title          = "{Coupled-channel approach to strangeness S?=??2
                        baryon?bayron interactions in lattice QCD}",
      collaboration  = "HAL QCD",
      journal        = "PTEP",
      volume         = "2015",
      year           = "2015",
      number         = "11",
      pages          = "113B01",
      doi            = "10.1093/ptep/ptv144",
      eprint         = "1504.01717",
      archivePrefix  = "arXiv",
      primaryClass   = "hep-lat",
      reportNumber   = "YITP-14-95, RIKEN-QHP-173, UTCCS-P-78, UTHEP-666",
      SLACcitation   = "%%CITATION = ARXIV:1504.01717;%%"
}

@article{Murano:2013xxa,
      author         = "Murano, K. and Ishii, N. and Aoki, S. and Doi, T. and
                        Hatsuda, T. and Ikeda, Y. and Inoue, T. and Nemura, H. and
                        Sasaki, K.",
      title          = "{Spin?orbit force from lattice QCD}",
      collaboration  = "HAL QCD",
      journal        = "Phys. Lett.",
      volume         = "B735",
      year           = "2014",
      pages          = "19-24",
      doi            = "10.1016/j.physletb.2014.05.061",
      eprint         = "1305.2293",
      archivePrefix  = "arXiv",
      primaryClass   = "hep-lat",
      reportNumber   = "YITP-13-28-, RIKEN-QHP-86, UTCCS-P-72",
      SLACcitation   = "%%CITATION = ARXIV:1305.2293;%%"
}

@article{Ikeda:2016zwx,
      author         = "Ikeda, Yoichi and Aoki, Sinya and Doi, Takumi and Gongyo,
                        Shinya and Hatsuda, Tetsuo and Inoue, Takashi and Iritani,
                        Takumi and Ishii, Noriyoshi and Murano, Keiko and Sasaki,
                        Kenji",
      title          = "{Fate of the Tetraquark Candidate $Z_c$(3900) from
                        Lattice QCD}",
      collaboration  = "HAL QCD",
      journal        = "Phys. Rev. Lett.",
      volume         = "117",
      year           = "2016",
      number         = "24",
      pages          = "242001",
      doi            = "10.1103/PhysRevLett.117.242001",
      eprint         = "1602.03465",
      archivePrefix  = "arXiv",
      primaryClass   = "hep-lat",
      reportNumber   = "RIKEN-QHP-216, YITP-16-15",
      SLACcitation   = "%%CITATION = ARXIV:1602.03465;%%"
}

@article{Doi:2011gq,
      author         = "Doi, Takumi and Aoki, Sinya and Hatsuda, Tetsuo and
                        Ikeda, Yoichi and Inoue, Takashi and Ishii, Noriyoshi and
                        Murano, Keiko and Nemura, Hidekatsu and Sasaki, Kenji",
      title          = "{Exploring Three-Nucleon Forces in Lattice QCD}",
      collaboration  = "HAL QCD",
      journal        = "Prog. Theor. Phys.",
      volume         = "127",
      year           = "2012",
      pages          = "723-738",
      doi            = "10.1143/PTP.127.723",
      eprint         = "1106.2276",
      archivePrefix  = "arXiv",
      primaryClass   = "hep-lat",
      reportNumber   = "UTHEP-630",
      SLACcitation   = "%%CITATION = ARXIV:1106.2276;%%"
}




@article{Nemura:2008sp,
      author         = "Nemura, Hidekatsu and Ishii, Noriyoshi and Aoki, Sinya
                        and Hatsuda, Tetsuo",
      title          = "{Hyperon-nucleon force from lattice QCD}",
      journal        = "Phys. Lett.",
      volume         = "B673",
      year           = "2009",
      pages          = "136-141",
      doi            = "10.1016/j.physletb.2009.02.003",
      eprint         = "0806.1094",
      archivePrefix  = "arXiv",
      primaryClass   = "nucl-th",
      reportNumber   = "UTCCS-P-43, TKYNT-08-07, UTHEP-564",
      SLACcitation   = "%%CITATION = ARXIV:0806.1094;%%"
}


@article{Alexandrou:2013ata,
      author         = "Alexandrou, C. and Negele, J. W. and Petschlies, M. and
                        Strelchenko, A. and Tsapalis, A.",
      title          = "{Determination of $\Delta$ resonance parameters from
                        lattice QCD}",
      journal        = "Phys. Rev.",
      volume         = "D88",
      year           = "2013",
      number         = "3",
      pages          = "031501",
      doi            = "10.1103/PhysRevD.88.031501",
      eprint         = "1305.6081",
      archivePrefix  = "arXiv",
      primaryClass   = "hep-lat",
      reportNumber   = "FERMILAB-PUB-13-327-CD",
      SLACcitation   = "%%CITATION = ARXIV:1305.6081;%%"
}
@article{Guo:2016zep,
      author         = "Guo, Zhi-Hui and Liu, Liuming and Meiﬂner, Ulf-G. and
                        Oller, J. A. and Rusetsky, A.",
      title          = "{Chiral study of the $a_0(980)$ resonance and $\pi\eta$
                        scattering phase shifts in light of a recent lattice
                        simulation}",
      journal        = "Phys. Rev.",
      volume         = "D95",
      year           = "2017",
      number         = "5",
      pages          = "054004",
      doi            = "10.1103/PhysRevD.95.054004",
      eprint         = "1609.08096",
      archivePrefix  = "arXiv",
      primaryClass   = "hep-ph",
      SLACcitation   = "%%CITATION = ARXIV:1609.08096;%%"
}
@article{Weinberg:1966kf,
      author         = "Weinberg, Steven",
      title          = "{Pion scattering lengths}",
      journal        = "Phys. Rev. Lett.",
      volume         = "17",
      year           = "1966",
      pages          = "616-621",
      doi            = "10.1103/PhysRevLett.17.616",
      SLACcitation   = "%%CITATION = PRLTA,17,616;%%"
}
@article{Chew:1960iv,
      author         = "Chew, Geoffrey F. and Mandelstam, Stanley",
      title          = "{Theory of low-energy pion pion interactions}",
      journal        = "Phys. Rev.",
      volume         = "119",
      year           = "1960",
      pages          = "467-477",
      doi            = "10.1103/PhysRev.119.467",
      SLACcitation   = "%%CITATION = PHRVA,119,467;%%"
}

@book{gattringer2009quantum,
  title={Quantum Chromodynamics on the Lattice: An Introductory Presentation},
  author={Gattringer, C. and Lang, C.},
  isbn={9783642018497},
  lccn={2009934009},
  series={Lecture Notes in Physics},
  url={https://books.google.com/books?id=l2hZKnlYDxoC},
  year={2009},
  publisher={Springer Berlin Heidelberg}
}

@article{Sharpe:1992pp,
      author         = "Sharpe, Stephen R. and Gupta, Rajan and Kilcup, Gregory
                        W.",
      title          = "{Lattice calculation of I = 2 pion scattering length}",
      journal        = "Nucl. Phys.",
      volume         = "B383",
      year           = "1992",
      pages          = "309-354",
      doi            = "10.1016/0550-3213(92)90681-Z",
      reportNumber   = "NSF-ITP-90-234, CEBAF-TH-92-08, DOE-ER-40423-23,
                        LA-UR-91-617",
      SLACcitation   = "%%CITATION = NUPHA,B383,309;%%"
}


@article{Gupta:1993rn,
      author         = "Gupta, Rajan and Patel, Apoorva and Sharpe, Stephen R.",
      title          = "{I = 2 pion scattering amplitude with Wilson fermions}",
      journal        = "Phys. Rev.",
      volume         = "D48",
      year           = "1993",
      pages          = "388-396",
      doi            = "10.1103/PhysRevD.48.388",
      eprint         = "hep-lat/9301016",
      archivePrefix  = "arXiv",
      primaryClass   = "hep-lat",
      reportNumber   = "LA-UR-92-3641",
      SLACcitation   = "%%CITATION = HEP-LAT/9301016;%%"
}


@article{Kuramashi:1993ka,
      author         = "Kuramashi, Y. and Fukugita, M. and Mino, H. and Okawa, M.
                        and Ukawa, A.",
      title          = "{Lattice QCD calculation of full pion scattering
                        lengths}",
      journal        = "Phys. Rev. Lett.",
      volume         = "71",
      year           = "1993",
      pages          = "2387-2390",
      doi            = "10.1103/PhysRevLett.71.2387",
      reportNumber   = "KEK-CP-2, KEK-PREPRINT-93-46",
      SLACcitation   = "%%CITATION = PRLTA,71,2387;%%"
}


@article{Fukugita:1994ve,
      author         = "Fukugita, M. and Kuramashi, Y. and Okawa, M. and Mino, H.
                        and Ukawa, A.",
      title          = "{Hadron scattering lengths in lattice QCD}",
      journal        = "Phys. Rev.",
      volume         = "D52",
      year           = "1995",
      pages          = "3003-3023",
      doi            = "10.1103/PhysRevD.52.3003",
      eprint         = "hep-lat/9501024",
      archivePrefix  = "arXiv",
      primaryClass   = "hep-lat",
      reportNumber   = "KEK-CP-24, KEK-PREPRINT-94-174",
      SLACcitation   = "%%CITATION = HEP-LAT/9501024;%%"
}


@article{Aoki:2002in,
      author         = "Aoki, S. and others",
      title          = "{I=2 pion scattering length with the Wilson fermion}",
      collaboration  = "JLQCD",
      journal        = "Phys. Rev.",
      volume         = "D66",
      year           = "2002",
      pages          = "077501",
      doi            = "10.1103/PhysRevD.66.077501",
      eprint         = "hep-lat/0206011",
      archivePrefix  = "arXiv",
      primaryClass   = "hep-lat",
      SLACcitation   = "%%CITATION = HEP-LAT/0206011;%%"
}


@article{Du:2004ib,
      author         = "Du, Xining and Meng, Guang-wei and Miao, Chuan and Liu,
                        Chuan",
      title          = "{I = 2 pion scattering length with improved actions on
                        anisotropic lattices}",
      journal        = "Int. J. Mod. Phys.",
      volume         = "A19",
      year           = "2004",
      pages          = "5609-5614",
      doi            = "10.1142/S0217751X04019573",
      eprint         = "hep-lat/0404017",
      archivePrefix  = "arXiv",
      primaryClass   = "hep-lat",
      SLACcitation   = "%%CITATION = HEP-LAT/0404017;%%"
}


@article{Yamazaki:2004qb,
      author         = "Yamazaki, T. and others",
      title          = "{I = 2 pi pi scattering phase shift with two flavors of
                        O(a) improved dynamical quarks}",
      collaboration  = "CP-PACS",
      journal        = "Phys. Rev.",
      volume         = "D70",
      year           = "2004",
      pages          = "074513",
      doi            = "10.1103/PhysRevD.70.074513",
      eprint         = "hep-lat/0402025",
      archivePrefix  = "arXiv",
      primaryClass   = "hep-lat",
      reportNumber   = "UTHEP-484, UTCCP-P-147",
      SLACcitation   = "%%CITATION = HEP-LAT/0402025;%%"
}


@article{Beane:2005rj,
      author         = "Beane, Silas R. and Bedaque, Paulo F. and Orginos, Kostas
                        and Savage, Martin J.",
      title          = "{I = 2 pi-pi scattering from fully-dynamical mixed-action
                        lattice QCD}",
      collaboration  = "NPLQCD",
      journal        = "Phys. Rev.",
      volume         = "D73",
      year           = "2006",
      pages          = "054503",
      doi            = "10.1103/PhysRevD.73.054503",
      eprint         = "hep-lat/0506013",
      archivePrefix  = "arXiv",
      primaryClass   = "hep-lat",
      reportNumber   = "UNH-05-04, LBNL-57663, MIT-CTP-3653, CALT-68-2564,
                        NT-UW-05-03, JLAB-THY-05-445",
      SLACcitation   = "%%CITATION = HEP-LAT/0506013;%%"
}


@article{Beane:2007xs,
      author         = "Beane, Silas R. and Luu, Thomas C. and Orginos, Kostas
                        and Parreno, Assumpta and Savage, Martin J. and Torok,
                        Aaron and Walker-Loud, Andre",
      title          = "{Precise Determination of the I=2 pi pi Scattering Length
                        from Mixed-Action Lattice QCD}",
      journal        = "Phys. Rev.",
      volume         = "D77",
      year           = "2008",
      pages          = "014505",
      doi            = "10.1103/PhysRevD.77.014505",
      eprint         = "0706.3026",
      archivePrefix  = "arXiv",
      primaryClass   = "hep-lat",
      reportNumber   = "UNH-07-01, UCRL-JRNL-231719, UMD-40762-391,
                        JLAB-THY-07-653",
      SLACcitation   = "%%CITATION = ARXIV:0706.3026;%%"
}


@article{Li:2007ey,
      author         = "Li, Xin and others",
      title          = "{Anisotropic lattice calculation of pion scattering using
                        an asymmetric box}",
      collaboration  = "CLQCD",
      journal        = "JHEP",
      volume         = "06",
      year           = "2007",
      pages          = "053",
      doi            = "10.1088/1126-6708/2007/06/053",
      eprint         = "hep-lat/0703015",
      archivePrefix  = "arXiv",
      primaryClass   = "hep-lat",
      SLACcitation   = "%%CITATION = HEP-LAT/0703015;%%"
}


@article{Feng:2009ij,
      author         = "Feng, Xu and Jansen, Karl and Renner, Dru B.",
      title          = "{The pi+ pi+ scattering length from maximally twisted
                        mass lattice QCD}",
      journal        = "Phys. Lett.",
      volume         = "B684",
      year           = "2010",
      pages          = "268-274",
      doi            = "10.1016/j.physletb.2010.01.018",
      eprint         = "0909.3255",
      archivePrefix  = "arXiv",
      primaryClass   = "hep-lat",
      reportNumber   = "DESY-09-141, SFB-CPP-09-82, MS-TP-09-17",
      SLACcitation   = "%%CITATION = ARXIV:0909.3255;%%"
}


@article{Yagi:2011jn,
      author         = "Yagi, Takuya and Hashimoto, Shoji and Morimatsu, Osamu
                        and Ohtani, Munehisa",
      title          = "{I=2 $\pi$-$\pi$ scattering length with dynamical overlap
                        fermion}",
      year           = "2011",
      eprint         = "1108.2970",
      archivePrefix  = "arXiv",
      primaryClass   = "hep-lat",
      reportNumber   = "KEK-CP-257, KEK-TH-1489",
      SLACcitation   = "%%CITATION = ARXIV:1108.2970;%%"
}


@article{Sasaki:2013vxa,
      author         = "Sasaki, Kiyoshi and Ishizuka, Naruhito and Oka, Makoto
                        and Yamazaki, Takeshi",
      title          = "{Scattering lengths for two pseudoscalar meson systems}",
      collaboration  = "PACS-CS",
      journal        = "Phys. Rev.",
      volume         = "D89",
      year           = "2014",
      number         = "5",
      pages          = "054502",
      doi            = "10.1103/PhysRevD.89.054502",
      eprint         = "1311.7226",
      archivePrefix  = "arXiv",
      primaryClass   = "hep-lat",
      SLACcitation   = "%%CITATION = ARXIV:1311.7226;%%"
}


@article{Fu:2013ffa,
      author         = "Fu, Ziwen",
      title          = "{Lattice QCD study of the s-wave $\pi\pi $ scattering
                        lengths in the I=0 and 2 channels}",
      journal        = "Phys. Rev.",
      volume         = "D87",
      year           = "2013",
      number         = "7",
      pages          = "074501",
      doi            = "10.1103/PhysRevD.87.074501",
      eprint         = "1303.0517",
      archivePrefix  = "arXiv",
      primaryClass   = "hep-lat",
      SLACcitation   = "%%CITATION = ARXIV:1303.0517;%%"
}



%%% contains utf-8, see: https://inspirehep.net/info/faq/general#utf8
%%% add \usepackage[utf8]{inputenc} to your latex preamble

@article{Helmes:2015gla,
      author         = "Helmes, C. and Jost, C. and Knippschild, B. and Liu, C.
                        and Liu, J. and Liu, L. and Urbach, C. and Ueding, M. and
                        Wang, Z. and Werner, M.",
      title          = "{Hadron-hadron interactions from N$_{f}$ = 2 + 1 + 1
                        lattice QCD: isospin-2 œÄœÄ scattering length}",
      collaboration  = "ETM",
      journal        = "JHEP",
      volume         = "09",
      year           = "2015",
      pages          = "109",
      doi            = "10.1007/JHEP09(2015)109",
      eprint         = "1506.00408",
      archivePrefix  = "arXiv",
      primaryClass   = "hep-lat",
      SLACcitation   = "%%CITATION = ARXIV:1506.00408;%%"
}


@article{Dudek:2010ew,
      author         = "Dudek, Jozef J. and Edwards, Robert G. and Peardon,
                        Michael J. and Richards, David G. and Thomas, Christopher
                        E.",
      title          = "{The phase-shift of isospin-2 pi-pi scattering from
                        lattice QCD}",
      journal        = "Phys. Rev.",
      volume         = "D83",
      year           = "2011",
      pages          = "071504",
      doi            = "10.1103/PhysRevD.83.071504",
      eprint         = "1011.6352",
      archivePrefix  = "arXiv",
      primaryClass   = "hep-ph",
      reportNumber   = "JLAB-THY-10-1291, TCDMATH-10-09",
      SLACcitation   = "%%CITATION = ARXIV:1011.6352;%%"
}


@article{Beane:2011sc,
      author         = "Beane, S. R. and Chang, E. and Detmold, W. and Lin, H. W.
                        and Luu, T. C. and Orginos, K. and Parreno, A. and Savage,
                        M. J. and Torok, A. and Walker-Loud, A.",
      title          = "{The I=2 pipi S-wave Scattering Phase Shift from Lattice
                        QCD}",
      collaboration  = "NPLQCD",
      journal        = "Phys. Rev.",
      volume         = "D85",
      year           = "2012",
      pages          = "034505",
      doi            = "10.1103/PhysRevD.85.034505",
      eprint         = "1107.5023",
      archivePrefix  = "arXiv",
      primaryClass   = "hep-lat",
      reportNumber   = "UNH-11-3, NT@UW-11-12, ICCUB-11-159, UCB-NPAT-11-008,
                        NT-LBNL-11-012, JLAB-THY-11-1381",
      SLACcitation   = "%%CITATION = ARXIV:1107.5023;%%"
}


@article{Dudek:2012gj,
      author         = "Dudek, Jozef J. and Edwards, Robert G. and Thomas,
                        Christopher E.",
      title          = "{S and D-wave phase shifts in isospin-2 pi pi scattering
                        from lattice QCD}",
      journal        = "Phys. Rev.",
      volume         = "D86",
      year           = "2012",
      pages          = "034031",
      doi            = "10.1103/PhysRevD.86.034031",
      eprint         = "1203.6041",
      archivePrefix  = "arXiv",
      primaryClass   = "hep-ph",
      reportNumber   = "JLAB-THY-12-1504, TCDMATH-12-03",
      SLACcitation   = "%%CITATION = ARXIV:1203.6041;%%"
}


@article{Kurth:2013tua,
      author         = "Kurth, T. and Ishii, N. and Doi, T. and Aoki, S. and
                        Hatsuda, T.",
      title          = "{Phase shifts in $I=2 {\pi}{\pi}$-scattering from two
                        lattice approaches}",
      journal        = "JHEP",
      volume         = "12",
      year           = "2013",
      pages          = "015",
      doi            = "10.1007/JHEP12(2013)015",
      eprint         = "1305.4462",
      archivePrefix  = "arXiv",
      primaryClass   = "hep-lat",
      reportNumber   = "WUB-13-06, UTCCS-P-73, RIKEN-QHP-84, YITP-13-27",
      SLACcitation   = "%%CITATION = ARXIV:1305.4462;%%"
}



%%% contains utf-8, see: https://inspirehep.net/info/faq/general#utf8
%%% add \usepackage[utf8]{inputenc} to your latex preamble

@article{Bulava:2016mks,
      author         = "Bulava, John and Fahy, Brendan and H√∂rz, Ben and Juge,
                        Keisuke J. and Morningstar, Colin and Wong, Chik Him",
      title          = "{$I=1$ and $I=2$ $\pi-\pi$ scattering phase shifts from
                        $N_{\mathrm{f}} = 2+1$ lattice QCD}",
      journal        = "Nucl. Phys.",
      volume         = "B910",
      year           = "2016",
      pages          = "842-867",
      doi            = "10.1016/j.nuclphysb.2016.07.024",
      eprint         = "1604.05593",
      archivePrefix  = "arXiv",
      primaryClass   = "hep-lat",
      SLACcitation   = "%%CITATION = ARXIV:1604.05593;%%"
}


@article{Aoki:2007rd,
      author         = "Aoki, S. and others",
      title          = "{Lattice QCD Calculation of the rho Meson Decay Width}",
      collaboration  = "CP-PACS",
      journal        = "Phys. Rev.",
      volume         = "D76",
      year           = "2007",
      pages          = "094506",
      doi            = "10.1103/PhysRevD.76.094506",
      eprint         = "0708.3705",
      archivePrefix  = "arXiv",
      primaryClass   = "hep-lat",
      SLACcitation   = "%%CITATION = ARXIV:0708.3705;%%"
}



@article{Feng:2010es,
      author         = "Feng, Xu and Jansen, Karl and Renner, Dru B.",
      title          = "{Resonance Parameters of the rho-Meson from Lattice QCD}",
      journal        = "Phys. Rev.",
      volume         = "D83",
      year           = "2011",
      pages          = "094505",
      doi            = "10.1103/PhysRevD.83.094505",
      eprint         = "1011.5288",
      archivePrefix  = "arXiv",
      primaryClass   = "hep-lat",
      reportNumber   = "DESY-10-176, SFB-CPP-10-117, MS-TP-10-14, KEK-CP-242,
                        JLAB-THY-10-1289, --JLAB-THY-10-1289",
      SLACcitation   = "%%CITATION = ARXIV:1011.5288;%%"
}


@article{Lang:2011mn,
      author         = "Lang, C. B. and Mohler, Daniel and Prelovsek, Sasa and
                        Vidmar, Matija",
      title          = "{Coupled channel analysis of the rho meson decay in
                        lattice QCD}",
      journal        = "Phys. Rev.",
      volume         = "D84",
      year           = "2011",
      number         = "5",
      pages          = "054503",
      doi            = "10.1103/PhysRevD.89.059903, 10.1103/PhysRevD.84.054503",
      note           = "[Erratum: Phys. Rev.D89,no.5,059903(2014)]",
      eprint         = "1105.5636",
      archivePrefix  = "arXiv",
      primaryClass   = "hep-lat",
      SLACcitation   = "%%CITATION = ARXIV:1105.5636;%%"
}


@article{Aoki:2011yj,
      author         = "Aoki, S. and others",
      title          = "{$\rho$ Meson Decay in 2+1 Flavor Lattice QCD}",
      collaboration  = "CS",
      journal        = "Phys. Rev.",
      volume         = "D84",
      year           = "2011",
      pages          = "094505",
      doi            = "10.1103/PhysRevD.84.094505",
      eprint         = "1106.5365",
      archivePrefix  = "arXiv",
      primaryClass   = "hep-lat",
      SLACcitation   = "%%CITATION = ARXIV:1106.5365;%%"
}


@article{Dudek:2012xn,
      author         = "Dudek, Jozef J. and Edwards, Robert G. and Thomas,
                        Christopher E.",
      title          = "{Energy dependence of the $\rho$ resonance in $\pi\pi$
                        elastic scattering from lattice QCD}",
      collaboration  = "Hadron Spectrum",
      journal        = "Phys. Rev.",
      volume         = "D87",
      year           = "2013",
      number         = "3",
      pages          = "034505",
      doi            = "10.1103/PhysRevD.87.034505, 10.1103/PhysRevD.90.099902",
      note           = "[Erratum: Phys. Rev.D90,no.9,099902(2014)]",
      eprint         = "1212.0830",
      archivePrefix  = "arXiv",
      primaryClass   = "hep-ph",
      reportNumber   = "JLAB-THY-12-1666, TCDMATH-12-10",
      SLACcitation   = "%%CITATION = ARXIV:1212.0830;%%"
}


@article{Pelissier:2012pi,
      author         = "Pelissier, Craig and Alexandru, Andrei",
      title          = "{Resonance parameters of the rho-meson from asymmetrical
                        lattices}",
      journal        = "Phys. Rev.",
      volume         = "D87",
      year           = "2013",
      number         = "1",
      pages          = "014503",
      doi            = "10.1103/PhysRevD.87.014503",
      eprint         = "1211.0092",
      archivePrefix  = "arXiv",
      primaryClass   = "hep-lat",
      SLACcitation   = "%%CITATION = ARXIV:1211.0092;%%"
}


@article{Wilson:2015dqa,
      author         = "Wilson, David J. and Brice\~no, Raul A. and Dudek, Jozef J.
                        and Edwards, Robert G. and Thomas, Christopher E.",
      title          = "{Coupled $\pi\pi, K\bar{K}$ scattering in $P$-wave and
                        the $\rho$ resonance from lattice QCD}",
      journal        = "Phys. Rev.",
      volume         = "D92",
      year           = "2015",
      number         = "9",
      pages          = "094502",
      doi            = "10.1103/PhysRevD.92.094502",
      eprint         = "1507.02599",
      archivePrefix  = "arXiv",
      primaryClass   = "hep-ph",
      reportNumber   = "DAMTP-2015-34, JLAB-THY-15-2101",
      SLACcitation   = "%%CITATION = ARXIV:1507.02599;%%"
}



%%% contains utf-8, see: https://inspirehep.net/info/faq/general#utf8
%%% add \usepackage[utf8]{inputenc} to your latex preamble

@article{Bali:2015gji,
      author         = "Bali, Gunnar S. and Collins, Sara and Cox, Antonio and
                        Donald, Gordon and G√∂ckeler, Meinulf and Lang, C. B. and
                        Sch√§fer, Andreas",
      title          = "{$\rho$ and $K^*$ resonances on the lattice at nearly
                        physical quark masses and $N_f=2$}",
      collaboration  = "RQCD",
      journal        = "Phys. Rev.",
      volume         = "D93",
      year           = "2016",
      number         = "5",
      pages          = "054509",
      doi            = "10.1103/PhysRevD.93.054509",
      eprint         = "1512.08678",
      archivePrefix  = "arXiv",
      primaryClass   = "hep-lat",
      SLACcitation   = "%%CITATION = ARXIV:1512.08678;%%"
}


@article{Olive:2016xmw,
      author         = "Patrignani, C. and others",
      title          = "{Review of Particle Physics}",
      collaboration  = "Particle Data Group",
      journal        = "Chin. Phys.",
      volume         = "C40",
      year           = "2016",
      number         = "10",
      pages          = "100001",
      doi            = "10.1088/1674-1137/40/10/100001",
      SLACcitation   = "%%CITATION = CHPHD,C40,100001;%%"
}


@article{Pelaez:2015qba,
      author         = "Pelaez, J. R.",
      title          = "{From controversy to precision on the sigma meson: a
                        review on the status of the non-ordinary $f_0(500)$
                        resonance}",
      journal        = "Phys. Rept.",
      volume         = "658",
      year           = "2016",
      pages          = "1",
      doi            = "10.1016/j.physrep.2016.09.001",
      eprint         = "1510.00653",
      archivePrefix  = "arXiv",
      primaryClass   = "hep-ph",
      SLACcitation   = "%%CITATION = ARXIV:1510.00653;%%"
}


@article{Briceno:2016mjc,
      author         = "Brice\~no, Raul A. and Dudek, Jozef J. and Edwards, Robert
                        G. and Wilson, David J.",
      title          = "{Isoscalar $\pi\pi$ scattering and the $\sigma$ meson
                        resonance from QCD}",
      journal        = "Phys. Rev. Lett.",
      volume         = "118",
      year           = "2017",
      number         = "2",
      pages          = "022002",
      doi            = "10.1103/PhysRevLett.118.022002",
      eprint         = "1607.05900",
      archivePrefix  = "arXiv",
      primaryClass   = "hep-ph",
      reportNumber   = "JLAB-THY-16-2287, DAMTP-2016-47",
      SLACcitation   = "%%CITATION = ARXIV:1607.05900;%%"
}


@article{Peardon:2009gh,
      author         = "Peardon, Michael and Bulava, John and Foley, Justin and
                        Morningstar, Colin and Dudek, Jozef and Edwards, Robert G.
                        and Joo, Balint and Lin, Huey-Wen and Richards, David G.
                        and Juge, Keisuke Jimmy",
      title          = "{A Novel quark-field creation operator construction for
                        hadronic physics in lattice QCD}",
      collaboration  = "Hadron Spectrum",
      journal        = "Phys. Rev.",
      volume         = "D80",
      year           = "2009",
      pages          = "054506",
      doi            = "10.1103/PhysRevD.80.054506",
      eprint         = "0905.2160",
      archivePrefix  = "arXiv",
      primaryClass   = "hep-lat",
      reportNumber   = "JLAB-THY-09-985",
      SLACcitation   = "%%CITATION = ARXIV:0905.2160;%%"
}


@article{Lang:2012sv,
      author         = "Lang, C. B. and Leskovec, Luka and Mohler, Daniel and
                        Prelovsek, Sasa",
      title          = "{K pi scattering for isospin 1/2 and 3/2 in lattice QCD}",
      journal        = "Phys. Rev.",
      volume         = "D86",
      year           = "2012",
      pages          = "054508",
      doi            = "10.1103/PhysRevD.86.054508",
      eprint         = "1207.3204",
      archivePrefix  = "arXiv",
      primaryClass   = "hep-lat",
      SLACcitation   = "%%CITATION = ARXIV:1207.3204;%%"
}


@article{Fu:2012tj,
      author         = "Fu, Ziwen and Fu, Kan",
      title          = "{Lattice QCD study on $K^\ast(892)$ meson decay width}",
      journal        = "Phys. Rev.",
      volume         = "D86",
      year           = "2012",
      pages          = "094507",
      doi            = "10.1103/PhysRevD.86.094507",
      eprint         = "1209.0350",
      archivePrefix  = "arXiv",
      primaryClass   = "hep-lat",
      SLACcitation   = "%%CITATION = ARXIV:1209.0350;%%"
}


@article{Prelovsek:2013ela,
      author         = "Prelovsek, Sasa and Leskovec, Luka and Lang, C. B. and
                        Mohler, Daniel",
      title          = "{K $\pi$ scattering and the K* decay width from lattice
                        QCD}",
      journal        = "Phys. Rev.",
      volume         = "D88",
      year           = "2013",
      number         = "5",
      pages          = "054508",
      doi            = "10.1103/PhysRevD.88.054508",
      eprint         = "1307.0736",
      archivePrefix  = "arXiv",
      primaryClass   = "hep-lat",
      reportNumber   = "FERMILAB-PUB-13-251-T",
      SLACcitation   = "%%CITATION = ARXIV:1307.0736;%%"
}


@article{Mohler:2012na,
      author         = "Mohler, Daniel and Prelovsek, Sasa and Woloshyn, R. M.",
      title          = "{$D \pi$ scattering and $D$ meson resonances from lattice
                        QCD}",
      journal        = "Phys. Rev.",
      volume         = "D87",
      year           = "2013",
      number         = "3",
      pages          = "034501",
      doi            = "10.1103/PhysRevD.87.034501",
      eprint         = "1208.4059",
      archivePrefix  = "arXiv",
      primaryClass   = "hep-lat",
      SLACcitation   = "%%CITATION = ARXIV:1208.4059;%%"
}


@article{Prelovsek:2013cra,
      author         = "Prelovsek, Sasa and Leskovec, Luka",
      title          = "{Evidence for X(3872) from DD* scattering on the
                        lattice}",
      journal        = "Phys. Rev. Lett.",
      volume         = "111",
      year           = "2013",
      pages          = "192001",
      doi            = "10.1103/PhysRevLett.111.192001",
      eprint         = "1307.5172",
      archivePrefix  = "arXiv",
      primaryClass   = "hep-lat",
      SLACcitation   = "%%CITATION = ARXIV:1307.5172;%%"
}



@article{Lang:2015sba,
      author         = "Lang, C. B. and Leskovec, Luka and Mohler, Daniel and
                        Prelovsek, Sasa",
      title          = "{Vector and scalar charmonium resonances with lattice
                        QCD}",
      journal        = "JHEP",
      volume         = "09",
      year           = "2015",
      pages          = "089",
      doi            = "10.1007/JHEP09(2015)089",
      eprint         = "1503.05363",
      archivePrefix  = "arXiv",
      primaryClass   = "hep-lat",
      reportNumber   = "FERMILAB-PUB-15-084-T, JLAB-THY-15-2022",
      SLACcitation   = "%%CITATION = ARXIV:1503.05363;%%"
}


@article{Lang:2016jpk,
      author         = "Lang, C. B. and Mohler, Daniel and Prelovsek, S.",
      title          = "{$B_s\pi^+$ scattering and search for X(5568) with
                        lattice QCD}",
      journal        = "Phys. Rev.",
      volume         = "D94",
      year           = "2016",
      pages          = "074509",
      doi            = "10.1103/PhysRevD.94.074509",
      eprint         = "1607.03185",
      archivePrefix  = "arXiv",
      primaryClass   = "hep-lat",
      reportNumber   = "MITP-16-074, HIM-2016-03",
      SLACcitation   = "%%CITATION = ARXIV:1607.03185;%%"
}


@article{Bedaque:2004kc,
      author         = "Bedaque, Paulo F.",
      title          = "{Aharonov-Bohm effect and nucleon nucleon phase shifts on
                        the lattice}",
      journal        = "Phys. Lett.",
      volume         = "B593",
      year           = "2004",
      pages          = "82-88",
      doi            = "10.1016/j.physletb.2004.04.045",
      eprint         = "nucl-th/0402051",
      archivePrefix  = "arXiv",
      primaryClass   = "nucl-th",
      reportNumber   = "LBNL-54557",
      SLACcitation   = "%%CITATION = NUCL-TH/0402051;%%"
}


@article{Sachrajda:2004mi,
      author         = "Sachrajda, C. T. and Villadoro, G.",
      title          = "{Twisted boundary conditions in lattice simulations}",
      journal        = "Phys. Lett.",
      volume         = "B609",
      year           = "2005",
      pages          = "73-85",
      doi            = "10.1016/j.physletb.2005.01.033",
      eprint         = "hep-lat/0411033",
      archivePrefix  = "arXiv",
      primaryClass   = "hep-lat",
      reportNumber   = "ROMA-1393-04, SHEP-0436",
      SLACcitation   = "%%CITATION = HEP-LAT/0411033;%%"
}



%%% contains utf-8, see: https://inspirehep.net/info/faq/general#utf8
%%% add \usepackage[utf8]{inputenc} to your latex preamble

@article{Ozaki:2012ce,
      author         = "Ozaki, Sho and Sasaki, Shoichi",
      title          = "{L√ºscher‚Äôs finite size method with twisted boundary
                        conditions: An application to the $J/\psi$-$\phi$ system
                        to search for a narrow resonance}",
      journal        = "Phys. Rev.",
      volume         = "D87",
      year           = "2013",
      number         = "1",
      pages          = "014506",
      doi            = "10.1103/PhysRevD.87.014506",
      eprint         = "1211.5512",
      archivePrefix  = "arXiv",
      primaryClass   = "hep-lat",
      SLACcitation   = "%%CITATION = ARXIV:1211.5512;%%"
}


@article{Chen:2014afa,
      author         = "Chen, Ying and others",
      title          = "{Low-energy scattering of the $(D\bar{D}^*)^\pm$ system
                        and the resonance-like structure $Z_c(3900)$}",
      journal        = "Phys. Rev.",
      volume         = "D89",
      year           = "2014",
      number         = "9",
      pages          = "094506",
      doi            = "10.1103/PhysRevD.89.094506",
      eprint         = "1403.1318",
      archivePrefix  = "arXiv",
      primaryClass   = "hep-lat",
      SLACcitation   = "%%CITATION = ARXIV:1403.1318;%%"
}


@article{Dudek:2014qha,
      author         = "Dudek, Jozef J. and Edwards, Robert G. and Thomas,
                        Christopher E. and Wilson, David J.",
      title          = "{Resonances in coupled $\pi K -\eta K$ scattering from
                        quantum chromodynamics}",
      collaboration  = "Hadron Spectrum",
      journal        = "Phys. Rev. Lett.",
      volume         = "113",
      year           = "2014",
      number         = "18",
      pages          = "182001",
      doi            = "10.1103/PhysRevLett.113.182001",
      eprint         = "1406.4158",
      archivePrefix  = "arXiv",
      primaryClass   = "hep-ph",
      reportNumber   = "JLAB-THY-14-1891, DAMTP-2014-36",
      SLACcitation   = "%%CITATION = ARXIV:1406.4158;%%"
}


@article{Wilson:2014cna,
      author         = "Wilson, David J. and Dudek, Jozef J. and Edwards, Robert
                        G. and Thomas, Christopher E.",
      title          = "{Resonances in coupled $\pi K, \eta K$ scattering from
                        lattice QCD}",
      journal        = "Phys. Rev.",
      volume         = "D91",
      year           = "2015",
      number         = "5",
      pages          = "054008",
      doi            = "10.1103/PhysRevD.91.054008",
      eprint         = "1411.2004",
      archivePrefix  = "arXiv",
      primaryClass   = "hep-ph",
      reportNumber   = "JLAB-THY-14-1982, DAMTP-2014-81, JLAB-THY-14-1892",
      SLACcitation   = "%%CITATION = ARXIV:1411.2004;%%"
}



%%% contains utf-8, see: https://inspirehep.net/info/faq/general#utf8
%%% add \usepackage[utf8]{inputenc} to your latex preamble

@article{Moir:2016srx,
      author         = "Moir, Graham and Peardon, Michael and Ryan, Sin√©ad M.
                        and Thomas, Christopher E. and Wilson, David J.",
      title          = "{Coupled-Channel $D\pi$, $D\eta$ and $D_{s}\bar{K}$
                        Scattering from Lattice QCD}",
      journal        = "JHEP",
      volume         = "10",
      year           = "2016",
      pages          = "011",
      doi            = "10.1007/JHEP10(2016)011",
      eprint         = "1607.07093",
      archivePrefix  = "arXiv",
      primaryClass   = "hep-lat",
      reportNumber   = "DAMTP-2016-48",
      SLACcitation   = "%%CITATION = ARXIV:1607.07093;%%"
}


@article{Dudek:2016cru,
      author         = "Dudek, Jozef J. and Edwards, Robert G. and Wilson, David
                        J.",
      title          = "{An $a_0$ resonance in strongly coupled $\pi \eta$,
                        $K\overline{K}$ scattering from lattice QCD}",
      collaboration  = "Hadron Spectrum",
      journal        = "Phys. Rev.",
      volume         = "D93",
      year           = "2016",
      number         = "9",
      pages          = "094506",
      doi            = "10.1103/PhysRevD.93.094506",
      eprint         = "1602.05122",
      archivePrefix  = "arXiv",
      primaryClass   = "hep-ph",
      reportNumber   = "JLAB-THY-16-2216, DAMTP-2016-18",
      SLACcitation   = "%%CITATION = ARXIV:1602.05122;%%"
}



%%% contains utf-8, see: https://inspirehep.net/info/faq/general#utf8
%%% add \usepackage[utf8]{inputenc} to your latex preamble

 

@article{Briceno:2014oea,
      author         = "Brice\~no, Raul A.",
      title          = "{Two-particle multichannel systems in a finite volume
                        with arbitrary spin}",
      journal        = "Phys. Rev.",
      volume         = "D89",
      year           = "2014",
      number         = "7",
      pages          = "074507",
      doi            = "10.1103/PhysRevD.89.074507",
      eprint         = "1401.3312",
      archivePrefix  = "arXiv",
      primaryClass   = "hep-lat",
      reportNumber   = "JLAB-THY-14-1833",
      SLACcitation   = "%%CITATION = ARXIV:1401.3312;%%"
}


@article{Lang:2016hnn,
      author         = "Lang, C. B. and Leskovec, L. and Padmanath, M. and
                        Prelovsek, S.",
      title          = "{Pion-nucleon scattering in the Roper channel from
                        lattice QCD}",
      journal        = "Phys. Rev.",
      volume         = "D95",
      year           = "2017",
      number         = "1",
      pages          = "014510",
      doi            = "10.1103/PhysRevD.95.014510",
      eprint         = "1610.01422",
      archivePrefix  = "arXiv",
      primaryClass   = "hep-lat",
      reportNumber   = "JLAB-THY-16-2330",
      SLACcitation   = "%%CITATION = ARXIV:1610.01422;%%"
}



@article{Lang:2014tia,
      author         = "Lang, C. B. and Leskovec, Luka and Mohler, Daniel and
                        Prelovsek, Sasa",
      title          = "{Axial resonances a$_{1}$(1260), b$_{1}$(1235) and their
                        decays from the lattice}",
      journal        = "JHEP",
      volume         = "04",
      year           = "2014",
      pages          = "162",
      doi            = "10.1007/JHEP04(2014)162",
      eprint         = "1401.2088",
      archivePrefix  = "arXiv",
      primaryClass   = "hep-lat",
      reportNumber   = "FERMILAB-PUB-14-002-T",
      SLACcitation   = "%%CITATION = ARXIV:1401.2088;%%"
}




@article{DeWitt:1956be,
      author         = "DeWitt, Bryce S.",
      title          = "{Transition from discrete to continuous spectra}",
      journal        = "Phys. Rev.",
      volume         = "103",
      year           = "1956",
      pages          = "1565-1571",
      doi            = "10.1103/PhysRev.103.1565",
      SLACcitation   = "%%CITATION = PHRVA,103,1565;%%"
}


@article{Orginos:2015aya,
      author         = "Orginos, Kostas and Parreno, Assumpta and Savage, Martin
                        J. and Beane, Silas R. and Chang, Emmanuel and Detmold,
                        William",
      title          = "{Two nucleon systems at $m_\pi\sim 450~{\rm MeV}$ from
                        lattice QCD}",
      journal        = "Phys. Rev.",
      volume         = "D92",
      year           = "2015",
      number         = "11",
      pages          = "114512",
      doi            = "10.1103/PhysRevD.92.114512",
      eprint         = "1508.07583",
      archivePrefix  = "arXiv",
      primaryClass   = "hep-lat",
      reportNumber   = "INT-PUB-15-042, NSF-KITP-15-120, NT@UW-15-09,
                        MIT-CTP-4709, JLAB-THY-15-2130",
      SLACcitation   = "%%CITATION = ARXIV:1508.07583;%%"
}


@article{Luscher:1986pf,
      author         = "Luscher, M.",
      title          = "{Volume Dependence of the Energy Spectrum in Massive
                        Quantum Field Theories. 2. Scattering States}",
      journal        = "Commun. Math. Phys.",
      volume         = "105",
      year           = "1986",
      pages          = "153-188",
      doi            = "10.1007/BF01211097",
      reportNumber   = "DESY-86-034",
      SLACcitation   = "%%CITATION = CMPHA,105,153;%%"
}


@article{Luscher:1990ux,
      author         = "Luscher, Martin",
      title          = "{Two particle states on a torus and their relation to the
                        scattering matrix}",
      journal        = "Nucl. Phys.",
      volume         = "B354",
      year           = "1991",
      pages          = "531-578",
      doi            = "10.1016/0550-3213(91)90366-6",
      reportNumber   = "DESY-90-131",
      SLACcitation   = "%%CITATION = NUPHA,B354,531;%%"
}


@article{Rummukainen:1995vs,
      author         = "Rummukainen, K. and Gottlieb, Steven A.",
      title          = "{Resonance scattering phase shifts on a nonrest frame
                        lattice}",
      journal        = "Nucl. Phys.",
      volume         = "B450",
      year           = "1995",
      pages          = "397-436",
      doi            = "10.1016/0550-3213(95)00313-H",
      eprint         = "hep-lat/9503028",
      archivePrefix  = "arXiv",
      primaryClass   = "hep-lat",
      reportNumber   = "IUHET-297",
      SLACcitation   = "%%CITATION = HEP-LAT/9503028;%%"
}


@article{Feng:2004ua,
      author         = "Feng, Xu and Li, Xin and Liu, Chuan",
      title          = "{Two particle states in an asymmetric box and the elastic
                        scattering phases}",
      journal        = "Phys. Rev.",
      volume         = "D70",
      year           = "2004",
      pages          = "014505",
      doi            = "10.1103/PhysRevD.70.014505",
      eprint         = "hep-lat/0404001",
      archivePrefix  = "arXiv",
      primaryClass   = "hep-lat",
      SLACcitation   = "%%CITATION = HEP-LAT/0404001;%%"
}


@article{He:2005ey,
      author         = "He, Song and Feng, Xu and Liu, Chuan",
      title          = "{Two particle states and the S-matrix elements in
                        multi-channel scattering}",
      journal        = "JHEP",
      volume         = "07",
      year           = "2005",
      pages          = "011",
      doi            = "10.1088/1126-6708/2005/07/011",
      eprint         = "hep-lat/0504019",
      archivePrefix  = "arXiv",
      primaryClass   = "hep-lat",
      SLACcitation   = "%%CITATION = HEP-LAT/0504019;%%"
}


@article{Liu:2005kr,
      author         = "Liu, Chuan and Feng, Xu and He, Song",
      title          = "{Two particle states in a box and the S-matrix in
                        multi-channel scattering}",
      booktitle      = "{QCD and hadronic physics. Proceedings, International
                        Conference, Beijing, China, June 16-20, 2005}",
      journal        = "Int. J. Mod. Phys.",
      volume         = "A21",
      year           = "2006",
      pages          = "847-850",
      doi            = "10.1142/S0217751X06032150",
      eprint         = "hep-lat/0508022",
      archivePrefix  = "arXiv",
      primaryClass   = "hep-lat",
      SLACcitation   = "%%CITATION = HEP-LAT/0508022;%%"
}


@article{Kim:2005gf,
      author         = "Kim, C. h. and Sachrajda, C. T. and Sharpe, Stephen R.",
      title          = "{Finite-volume effects for two-hadron states in moving
                        frames}",
      journal        = "Nucl. Phys.",
      volume         = "B727",
      year           = "2005",
      pages          = "218-243",
      doi            = "10.1016/j.nuclphysb.2005.08.029",
      eprint         = "hep-lat/0507006",
      archivePrefix  = "arXiv",
      primaryClass   = "hep-lat",
      reportNumber   = "UW-PT-05-16, SHEP-0518",
      SLACcitation   = "%%CITATION = HEP-LAT/0507006;%%"
}


@article{Christ:2005gi,
      author         = "Christ, Norman H. and Kim, Changhoan and Yamazaki,
                        Takeshi",
      title          = "{Finite volume corrections to the two-particle decay of
                        states with non-zero momentum}",
      journal        = "Phys. Rev.",
      volume         = "D72",
      year           = "2005",
      pages          = "114506",
      doi            = "10.1103/PhysRevD.72.114506",
      eprint         = "hep-lat/0507009",
      archivePrefix  = "arXiv",
      primaryClass   = "hep-lat",
      reportNumber   = "RBRC-530, SHEP-0520, CU-TP-1131",
      SLACcitation   = "%%CITATION = HEP-LAT/0507009;%%"
}


@article{Lage:2009zv,
      author         = "Lage, Michael and Meissner, Ulf-G. and Rusetsky, Akaki",
      title          = "{A Method to measure the antikaon-nucleon scattering
                        length in lattice QCD}",
      journal        = "Phys. Lett.",
      volume         = "B681",
      year           = "2009",
      pages          = "439-443",
      doi            = "10.1016/j.physletb.2009.10.055",
      eprint         = "0905.0069",
      archivePrefix  = "arXiv",
      primaryClass   = "hep-lat",
      reportNumber   = "HISKP-TH-09-17, FZJ-IKP-TH-2009-15",
      SLACcitation   = "%%CITATION = ARXIV:0905.0069;%%"
}


@article{Bernard:2010fp,
      author         = "Bernard, V. and Lage, M. and Meissner, U. -G. and
                        Rusetsky, A.",
      title          = "{Scalar mesons in a finite volume}",
      journal        = "JHEP",
      volume         = "01",
      year           = "2011",
      pages          = "019",
      doi            = "10.1007/JHEP01(2011)019",
      eprint         = "1010.6018",
      archivePrefix  = "arXiv",
      primaryClass   = "hep-lat",
      reportNumber   = "PREPRINT-HISKP-TH-10-21, FZJ-IKP(TH)-2010-18",
      SLACcitation   = "%%CITATION = ARXIV:1010.6018;%%"
}


@article{Fu:2011xz,
      author         = "Fu, Ziwen",
      title          = "{Rummukainen-Gottlieb's formula on two-particle system
                        with different mass}",
      journal        = "Phys. Rev.",
      volume         = "D85",
      year           = "2012",
      pages          = "014506",
      doi            = "10.1103/PhysRevD.85.014506",
      eprint         = "1110.0319",
      archivePrefix  = "arXiv",
      primaryClass   = "hep-lat",
      SLACcitation   = "%%CITATION = ARXIV:1110.0319;%%"
}


@article{Leskovec:2012gb,
      author         = "Leskovec, Luka and Prelovsek, Sasa",
      title          = "{Scattering phase shifts for two particles of different
                        mass and non-zero total momentum in lattice QCD}",
      journal        = "Phys. Rev.",
      volume         = "D85",
      year           = "2012",
      pages          = "114507",
      doi            = "10.1103/PhysRevD.85.114507",
      eprint         = "1202.2145",
      archivePrefix  = "arXiv",
      primaryClass   = "hep-lat",
      SLACcitation   = "%%CITATION = ARXIV:1202.2145;%%"
}


@article{Briceno:2012yi,
      author         = "Brice\~no, Raul A. and Davoudi, Zohreh",
      title          = "{Moving multichannel systems in a finite volume with
                        application to proton-proton fusion}",
      journal        = "Phys. Rev.",
      volume         = "D88",
      year           = "2013",
      number         = "9",
      pages          = "094507",
      doi            = "10.1103/PhysRevD.88.094507",
      eprint         = "1204.1110",
      archivePrefix  = "arXiv",
      primaryClass   = "hep-lat",
      reportNumber   = "NT-UW-12-05, NT@UW-12-05",
      SLACcitation   = "%%CITATION = ARXIV:1204.1110;%%"
}


@article{Hansen:2012tf,
      author         = "Hansen, Maxwell T. and Sharpe, Stephen R.",
      title          = "{Multiple-channel generalization of Lellouch-Luscher
                        formula}",
      journal        = "Phys. Rev.",
      volume         = "D86",
      year           = "2012",
      pages          = "016007",
      doi            = "10.1103/PhysRevD.86.016007",
      eprint         = "1204.0826",
      archivePrefix  = "arXiv",
      primaryClass   = "hep-lat",
      SLACcitation   = "%%CITATION = ARXIV:1204.0826;%%"
}


@article{Guo:2012hv,
      author         = "Guo, Peng and Dudek, Jozef and Edwards, Robert and
                        Szczepaniak, Adam P.",
      title          = "{Coupled-channel scattering on a torus}",
      journal        = "Phys. Rev.",
      volume         = "D88",
      year           = "2013",
      number         = "1",
      pages          = "014501",
      doi            = "10.1103/PhysRevD.88.014501",
      eprint         = "1211.0929",
      archivePrefix  = "arXiv",
      primaryClass   = "hep-lat",
      reportNumber   = "JLAB-THY-12-1659",
      SLACcitation   = "%%CITATION = ARXIV:1211.0929;%%"
}



%%% contains utf-8, see: https://inspirehep.net/info/faq/general#utf8
%%% add \usepackage[utf8]{inputenc} to your latex preamble

@article{Li:2012bi,
      author         = "Li, Ning and Liu, Chuan",
      title          = "{Generalized L√ºscher formula in multichannel
                        baryon-meson scattering}",
      journal        = "Phys. Rev.",
      volume         = "D87",
      year           = "2013",
      number         = "1",
      pages          = "014502",
      doi            = "10.1103/PhysRevD.87.014502",
      eprint         = "1209.2201",
      archivePrefix  = "arXiv",
      primaryClass   = "hep-lat",
      SLACcitation   = "%%CITATION = ARXIV:1209.2201;%%"
}


@article{Briceno:2013hya,
      author         = "Brice\~no, Raul A. and Davoudi, Zohreh and Luu, Thomas C.
                        and Savage, Martin J.",
      title          = "{Two-Baryon Systems with Twisted Boundary Conditions}",
      journal        = "Phys. Rev.",
      volume         = "D89",
      year           = "2014",
      number         = "7",
      pages          = "074509",
      doi            = "10.1103/PhysRevD.89.074509",
      eprint         = "1311.7686",
      archivePrefix  = "arXiv",
      primaryClass   = "hep-lat",
      reportNumber   = "INT-PUB-13-045, JLAB-THY-13-1827",
      SLACcitation   = "%%CITATION = ARXIV:1311.7686;%%"
}


@article{Polejaeva:2012ut,
      author         = "Polejaeva, K. and Rusetsky, A.",
      title          = "{Three particles in a finite volume}",
      journal        = "Eur. Phys. J.",
      volume         = "A48",
      year           = "2012",
      pages          = "67",
      doi            = "10.1140/epja/i2012-12067-8",
      eprint         = "1203.1241",
      archivePrefix  = "arXiv",
      primaryClass   = "hep-lat",
      SLACcitation   = "%%CITATION = ARXIV:1203.1241;%%"
}


@article{Briceno:2012rv,
      author         = "Brice\~no, Raul A. and Davoudi, Zohreh",
      title          = "{Three-particle scattering amplitudes from a finite
                        volume formalism}",
      journal        = "Phys. Rev.",
      volume         = "D87",
      year           = "2013",
      number         = "9",
      pages          = "094507",
      doi            = "10.1103/PhysRevD.87.094507",
      eprint         = "1212.3398",
      archivePrefix  = "arXiv",
      primaryClass   = "hep-lat",
      reportNumber   = "NT@UW-12-18",
      SLACcitation   = "%%CITATION = ARXIV:1212.3398;%%"
}


@article{Hansen:2015zga,
      author         = "Hansen, Maxwell T. and Sharpe, Stephen R.",
      title          = "{Expressing the three-particle finite-volume spectrum in
                        terms of the three-to-three scattering amplitude}",
      journal        = "Phys. Rev.",
      volume         = "D92",
      year           = "2015",
      number         = "11",
      pages          = "114509",
      doi            = "10.1103/PhysRevD.92.114509",
      eprint         = "1504.04248",
      archivePrefix  = "arXiv",
      primaryClass   = "hep-lat",
      SLACcitation   = "%%CITATION = ARXIV:1504.04248;%%"
}


@article{Hansen:2014eka,
      author         = "Hansen, Maxwell T. and Sharpe, Stephen R.",
      title          = "{Relativistic, model-independent, three-particle
                        quantization condition}",
      journal        = "Phys. Rev.",
      volume         = "D90",
      year           = "2014",
      number         = "11",
      pages          = "116003",
      doi            = "10.1103/PhysRevD.90.116003",
      eprint         = "1408.5933",
      archivePrefix  = "arXiv",
      primaryClass   = "hep-lat",
      SLACcitation   = "%%CITATION = ARXIV:1408.5933;%%"
}



%%% contains utf-8, see: https://inspirehep.net/info/faq/general#utf8
%%% add \usepackage[utf8]{inputenc} to your latex preamble

@article{Briceno:2015tza,
      author         = "Brice\~no, Ra\'ul A. and Hansen, Maxwell T.",
      title          = "{Relativistic, model-independent, multichannel $2\to 2$
                        transition amplitudes in a finite volume}",
      journal        = "Phys. Rev.",
      volume         = "D94",
      year           = "2016",
      number         = "1",
      pages          = "013008",
      doi            = "10.1103/PhysRevD.94.013008",
      eprint         = "1509.08507",
      archivePrefix  = "arXiv",
      primaryClass   = "hep-lat",
      reportNumber   = "JLAB-THY-15-2140",
      SLACcitation   = "%%CITATION = ARXIV:1509.08507;%%"
}


@article{Thomas:2011rh,
      author         = "Thomas, Christopher E. and Edwards, Robert G. and Dudek,
                        Jozef J.",
      title          = "{Helicity operators for mesons in flight on the lattice}",
      journal        = "Phys. Rev.",
      volume         = "D85",
      year           = "2012",
      pages          = "014507",
      doi            = "10.1103/PhysRevD.85.014507, 10.1103/PhysRevD.85.039901",
      eprint         = "1107.1930",
      archivePrefix  = "arXiv",
      primaryClass   = "hep-lat",
      reportNumber   = "JLAB-THY-11-1368",
      SLACcitation   = "%%CITATION = ARXIV:1107.1930;%%"
}


@article{Au:1986vs,
      author         = "Au, K. L. and Morgan, D. and Pennington, M. R.",
      title          = "{Meson Dynamics Beyond the Quark Model: A Study of Final
                        State Interactions}",
      journal        = "Phys. Rev.",
      volume         = "D35",
      year           = "1987",
      pages          = "1633",
      doi            = "10.1103/PhysRevD.35.1633",
      reportNumber   = "RAL-86-076, DTP-86-9",
      SLACcitation   = "%%CITATION = PHRVA,D35,1633;%%"
}



%%% contains utf-8, see: https://inspirehep.net/info/faq/general#utf8
%%% add \usepackage[utf8]{inputenc} to your latex preamble

@article{Hall:2014uca,
      author         = "Hall, Jonathan M. M. and Kamleh, Waseem and Leinweber,
                        Derek B. and Menadue, Benjamin J. and Owen, Benjamin J.
                        and Thomas, Anthony W. and Young, Ross D.",
      title          = "{Lattice QCD Evidence that the Œõ(1405) Resonance is an
                        Antikaon-Nucleon Molecule}",
      journal        = "Phys. Rev. Lett.",
      volume         = "114",
      year           = "2015",
      number         = "13",
      pages          = "132002",
      doi            = "10.1103/PhysRevLett.114.132002",
      eprint         = "1411.3402",
      archivePrefix  = "arXiv",
      primaryClass   = "hep-lat",
      reportNumber   = "ADP-14-34-T893",
      SLACcitation   = "%%CITATION = ARXIV:1411.3402;%%"
}

@article{Konig:2011nz,
      author         = "Koenig, Sebastian and Lee, Dean and Hammer, H. -W.",
      title          = "{Volume Dependence of Bound States with Angular
                        Momentum}",
      journal        = "Phys. Rev. Lett.",
      volume         = "107",
      year           = "2011",
      pages          = "112001",
      doi            = "10.1103/PhysRevLett.107.112001",
      eprint         = "1103.4468",
      archivePrefix  = "arXiv",
      primaryClass   = "hep-lat",
      SLACcitation   = "%%CITATION = ARXIV:1103.4468;%%"
}
@article{Konig:2011ti,
      author         = "Koenig, Sebastian and Lee, Dean and Hammer, H. -W.",
      title          = "{Non-relativistic bound states in a finite volume}",
      journal        = "Annals Phys.",
      volume         = "327",
      year           = "2012",
      pages          = "1450-1471",
      doi            = "10.1016/j.aop.2011.12.015",
      eprint         = "1109.4577",
      archivePrefix  = "arXiv",
      primaryClass   = "hep-lat",
      SLACcitation   = "%%CITATION = ARXIV:1109.4577;%%"
}

@article{Bour:2011ef,
      author         = "Bour, Shahin and Koenig, Sebastian and Lee, Dean and
                        Hammer, H. -W. and Meissner, Ulf-G.",
      title          = "{Topological phases for bound states moving in a finite
                        volume}",
      journal        = "Phys. Rev.",
      volume         = "D84",
      year           = "2011",
      pages          = "091503",
      doi            = "10.1103/PhysRevD.84.091503",
      eprint         = "1107.1272",
      archivePrefix  = "arXiv",
      primaryClass   = "nucl-th",
      SLACcitation   = "%%CITATION = ARXIV:1107.1272;%%"
}


@article{Korber:2015rce,
      author         = "Kˆrber, Christopher and Luu, Thomas",
      title          = "{Applying Twisted Boundary Conditions for Few-body
                        Nuclear Systems}",
      journal        = "Phys. Rev.",
      volume         = "C93",
      year           = "2016",
      number         = "5",
      pages          = "054002",
      doi            = "10.1103/PhysRevC.93.054002",
      eprint         = "1511.06598",
      archivePrefix  = "arXiv",
      primaryClass   = "nucl-th",
      SLACcitation   = "%%CITATION = ARXIV:1511.06598;%%"
}

@article{Briceno:2013bda,
      author         = "Brice\~no, Raul A. and Davoudi, Zohreh and Luu, Thomas and
                        Savage, Martin J.",
      title          = "{Two-nucleon systems in a finite volume. II.
                        $^3S_1-^3D_1$ coupled channels and the deuteron}",
      journal        = "Phys. Rev.",
      volume         = "D88",
      year           = "2013",
      number         = "11",
      pages          = "114507",
      doi            = "10.1103/PhysRevD.88.114507",
      eprint         = "1309.3556",
      archivePrefix  = "arXiv",
      primaryClass   = "hep-lat",
      reportNumber   = "INT-PUB-13-037, NT@UW-13-025, JLAB-THY-13-1824",
      SLACcitation   = "%%CITATION = ARXIV:1309.3556;%%"
}

@article{Hansen:2016ync,
      author         = "Hansen, Maxwell T. and Sharpe, Stephen R.",
      title          = "{Applying the relativistic quantization condition to a
                        three-particle bound state in a periodic box}",
      journal        = "Phys. Rev.",
      volume         = "D95",
      year           = "2017",
      number         = "3",
      pages          = "034501",
      doi            = "10.1103/PhysRevD.95.034501",
      eprint         = "1609.04317",
      archivePrefix  = "arXiv",
      primaryClass   = "hep-lat",
      SLACcitation   = "%%CITATION = ARXIV:1609.04317;%%"
}

@article{Meissner:2014dea,
      author         = "Meiﬂner, Ulf-G. and RÌos, Guillermo and Rusetsky,
                        Akaki",
      title          = "{Spectrum of three-body bound states in a finite volume}",
      journal        = "Phys. Rev. Lett.",
      volume         = "114",
      year           = "2015",
      number         = "9",
      pages          = "091602",
      doi            = "10.1103/PhysRevLett.117.069902,
                        10.1103/PhysRevLett.114.091602",
      note           = "[Erratum: Phys. Rev. Lett.117,no.6,069902(2016)]",
      eprint         = "1412.4969",
      archivePrefix  = "arXiv",
      primaryClass   = "hep-lat",
      SLACcitation   = "%%CITATION = ARXIV:1412.4969;%%"
}



@article{Davoudi:2011md,
      author         = "Davoudi, Zohreh and Savage, Martin J.",
      title          = "{Improving the Volume Dependence of Two-Body Binding
                        Energies Calculated with Lattice QCD}",
      journal        = "Phys. Rev.",
      volume         = "D84",
      year           = "2011",
      pages          = "114502",
      doi            = "10.1103/PhysRevD.84.114502",
      eprint         = "1108.5371",
      archivePrefix  = "arXiv",
      primaryClass   = "hep-lat",
      reportNumber   = "NT-UW-11-19, NT@UW-11-19",
      SLACcitation   = "%%CITATION = ARXIV:1108.5371;%%"
}


@article{Konig:2017krd,
      author         = "Kˆnig, Sebastian and Lee, Dean",
      title          = "{Volume Dependence of N-Body Bound States}",
      year           = "2017",
      eprint         = "1701.00279",
      archivePrefix  = "arXiv",
      primaryClass   = "hep-lat",
      SLACcitation   = "%%CITATION = ARXIV:1701.00279;%%"
}

@article{Beane:2003da,
      author         = "Beane, S. R. and Bedaque, P. F. and Parreno, A. and
                        Savage, M. J.",
      title          = "{Two nucleons on a lattice}",
      journal        = "Phys. Lett.",
      volume         = "B585",
      year           = "2004",
      pages          = "106-114",
      doi            = "10.1016/j.physletb.2004.02.007",
      eprint         = "hep-lat/0312004",
      archivePrefix  = "arXiv",
      primaryClass   = "hep-lat",
      reportNumber   = "UNH-03-02, LBNL-54092, NT-UW-03-033, JLAB-THY-03-225",
      SLACcitation   = "%%CITATION = HEP-LAT/0312004;%%"
}

@article{Wilson:2011aa,
      author         = "Wilson, D. J. and Cloet, I. C. and Chang, L. and Roberts,
                        C. D.",
      title          = "{Nucleon and Roper electromagnetic elastic and transition
                        form factors}",
      journal        = "Phys. Rev.",
      volume         = "C85",
      year           = "2012",
      pages          = "025205",
      doi            = "10.1103/PhysRevC.85.025205",
      eprint         = "1112.2212",
      archivePrefix  = "arXiv",
      primaryClass   = "nucl-th",
      SLACcitation   = "%%CITATION = ARXIV:1112.2212;%%"
}


@article{Segovia:2015hra,
      author         = "Segovia, Jorge and El-Bennich, Bruno and Rojas, Eduardo
                        and Cloet, Ian C. and Roberts, Craig D. and Xu, Shu-Sheng
                        and Zong, Hong-Shi",
      title          = "{Completing the picture of the Roper resonance}",
      journal        = "Phys. Rev. Lett.",
      volume         = "115",
      year           = "2015",
      number         = "17",
      pages          = "171801",
      doi            = "10.1103/PhysRevLett.115.171801",
      eprint         = "1504.04386",
      archivePrefix  = "arXiv",
      primaryClass   = "nucl-th",
      SLACcitation   = "%%CITATION = ARXIV:1504.04386;%%"
}


@article{Meyer:2007tm,
      author         = "Meyer, Harvey B. and Negele, John W.",
      title          = "{Gluon contributions to the pion mass and light cone
                        momentum fraction}",
      journal        = "Phys. Rev.",
      volume         = "D77",
      year           = "2008",
      pages          = "037501",
      doi            = "10.1103/PhysRevD.77.037501",
      eprint         = "0707.3225",
      archivePrefix  = "arXiv",
      primaryClass   = "hep-lat",
      reportNumber   = "MIT-CTP-3840",
      SLACcitation   = "%%CITATION = ARXIV:0707.3225;%%"
}


@article{Horsley:2012pz,
      author         = "Horsley, R. and Millo, R. and Nakamura, Y. and Perlt, H.
                        and Pleiter, D. and Rakow, P. E. L. and Schierholz, G. and
                        Schiller, A. and Winter, F. and Zanotti, J. M.",
      title          = "{A Lattice Study of the Glue in the Nucleon}",
      collaboration  = "UKQCD, QCDSF",
      journal        = "Phys. Lett.",
      volume         = "B714",
      year           = "2012",
      pages          = "312-316",
      doi            = "10.1016/j.physletb.2012.07.004",
      eprint         = "1205.6410",
      archivePrefix  = "arXiv",
      primaryClass   = "hep-lat",
      reportNumber   = "ADP-12-24-T791, DESY-12-079, EDINBURGH-2012-06,
                        LIVERPOOL-LTH-945",
      SLACcitation   = "%%CITATION = ARXIV:1205.6410;%%"
}


@article{Detmold:2016gpy,
      author         = "Detmold, W. and Shanahan, P. E.",
      title          = "{Gluonic Transversity from Lattice QCD}",
      journal        = "Phys. Rev.",
      volume         = "D94",
      year           = "2016",
      number         = "1",
      pages          = "014507",
      doi            = "10.1103/PhysRevD.94.014507",
      eprint         = "1606.04505",
      archivePrefix  = "arXiv",
      primaryClass   = "hep-lat",
      reportNumber   = "MIT-CTP-4811, INT-PUB-16-017",
      SLACcitation   = "%%CITATION = ARXIV:1606.04505;%%"
}


@article{Dudek:2013yja,
      author         = "Dudek, Jozef J. and Edwards, Robert G. and Guo, Peng and
                        Thomas, Christopher E.",
      title          = "{Toward the excited isoscalar meson spectrum from lattice
                        QCD}",
      collaboration  = "Hadron Spectrum",
      journal        = "Phys. Rev.",
      volume         = "D88",
      year           = "2013",
      number         = "9",
      pages          = "094505",
      doi            = "10.1103/PhysRevD.88.094505",
      eprint         = "1309.2608",
      archivePrefix  = "arXiv",
      primaryClass   = "hep-lat",
      reportNumber   = "JLAB-THY-13-1786, TCDMATH-13-11",
      SLACcitation   = "%%CITATION = ARXIV:1309.2608;%%"
}


@article{Liu:2012ze,
      author         = "Liu, Liuming and Moir, Graham and Peardon, Michael and
                        Ryan, Sinead M. and Thomas, Christopher E. and Vilaseca,
                        Pol and Dudek, Jozef J. and Edwards, Robert G. and Joo,
                        Balint and Richards, David G.",
      title          = "{Excited and exotic charmonium spectroscopy from lattice
                        QCD}",
      collaboration  = "Hadron Spectrum",
      journal        = "JHEP",
      volume         = "07",
      year           = "2012",
      pages          = "126",
      doi            = "10.1007/JHEP07(2012)126",
      eprint         = "1204.5425",
      archivePrefix  = "arXiv",
      primaryClass   = "hep-ph",
      reportNumber   = "TCDMATH-12-04, JLAB-THY-12-1510",
      SLACcitation   = "%%CITATION = ARXIV:1204.5425;%%"
}


@article{Dudek:2012ag,
      author         = "Dudek, Jozef J. and Edwards, Robert G.",
      title          = "{Hybrid Baryons in QCD}",
      journal        = "Phys. Rev.",
      volume         = "D85",
      year           = "2012",
      pages          = "054016",
      doi            = "10.1103/PhysRevD.85.054016",
      eprint         = "1201.2349",
      archivePrefix  = "arXiv",
      primaryClass   = "hep-ph",
      reportNumber   = "JLAB-THY-12-1479",
      SLACcitation   = "%%CITATION = ARXIV:1201.2349;%%"
}


@article{Dudek:2011bn,
      author         = "Dudek, Jozef J.",
      title          = "{The lightest hybrid meson supermultiplet in QCD}",
      journal        = "Phys. Rev.",
      volume         = "D84",
      year           = "2011",
      pages          = "074023",
      doi            = "10.1103/PhysRevD.84.074023",
      eprint         = "1106.5515",
      archivePrefix  = "arXiv",
      primaryClass   = "hep-ph",
      reportNumber   = "JLAB-THY-11-1387",
      SLACcitation   = "%%CITATION = ARXIV:1106.5515;%%"
}


@article{Edwards:2011jj,
      author         = "Edwards, Robert G. and Dudek, Jozef J. and Richards,
                        David G. and Wallace, Stephen J.",
      title          = "{Excited state baryon spectroscopy from lattice QCD}",
      journal        = "Phys. Rev.",
      volume         = "D84",
      year           = "2011",
      pages          = "074508",
      doi            = "10.1103/PhysRevD.84.074508",
      eprint         = "1104.5152",
      archivePrefix  = "arXiv",
      primaryClass   = "hep-ph",
      reportNumber   = "JLAB-THY-11-1370",
      SLACcitation   = "%%CITATION = ARXIV:1104.5152;%%"
}


@article{Dudek:2011tt,
      author         = "Dudek, Jozef J. and Edwards, Robert G. and Joo, Balint
                        and Peardon, Michael J. and Richards, David G. and Thomas,
                        Christopher E.",
      title          = "{Isoscalar meson spectroscopy from lattice QCD}",
      journal        = "Phys. Rev.",
      volume         = "D83",
      year           = "2011",
      pages          = "111502",
      doi            = "10.1103/PhysRevD.83.111502",
      eprint         = "1102.4299",
      archivePrefix  = "arXiv",
      primaryClass   = "hep-lat",
      reportNumber   = "JLAB-THY-11-1314, TCD-MATH-11-02",
      SLACcitation   = "%%CITATION = ARXIV:1102.4299;%%"
}


@article{Dudek:2010wm,
      author         = "Dudek, Jozef J. and Edwards, Robert G. and Peardon,
                        Michael J. and Richards, David G. and Thomas, Christopher
                        E.",
      title          = "{Toward the excited meson spectrum of dynamical QCD}",
      journal        = "Phys. Rev.",
      volume         = "D82",
      year           = "2010",
      pages          = "034508",
      doi            = "10.1103/PhysRevD.82.034508",
      eprint         = "1004.4930",
      archivePrefix  = "arXiv",
      primaryClass   = "hep-ph",
      reportNumber   = "JLAB-THY-10-1171",
      SLACcitation   = "%%CITATION = ARXIV:1004.4930;%%"
}


@article{Dudek:2009qf,
      author         = "Dudek, Jozef J. and Edwards, Robert G. and Peardon,
                        Michael J. and Richards, David G. and Thomas, Christopher
                        E.",
      title          = "{Highly excited and exotic meson spectrum from dynamical
                        lattice QCD}",
      journal        = "Phys. Rev. Lett.",
      volume         = "103",
      year           = "2009",
      pages          = "262001",
      doi            = "10.1103/PhysRevLett.103.262001",
      eprint         = "0909.0200",
      archivePrefix  = "arXiv",
      primaryClass   = "hep-ph",
      reportNumber   = "JLAB-THY-09-1061",
      SLACcitation   = "%%CITATION = ARXIV:0909.0200;%%"
}


@article{Green:2015wqa,
      author         = "Green, Jeremy and Meinel, Stefan and Engelhardt, Michael
                        and Krieg, Stefan and Laeuchli, Jesse and Negele, John and
                        Orginos, Kostas and Pochinsky, Andrew and Syritsyn,
                        Sergey",
      title          = "{High-precision calculation of the strange nucleon
                        electromagnetic form factors}",
      journal        = "Phys. Rev.",
      volume         = "D92",
      year           = "2015",
      number         = "3",
      pages          = "031501",
      doi            = "10.1103/PhysRevD.92.031501",
      eprint         = "1505.01803",
      archivePrefix  = "arXiv",
      primaryClass   = "hep-lat",
      reportNumber   = "JLAB-THY-15-2043, RBRC-1140",
      SLACcitation   = "%%CITATION = ARXIV:1505.01803;%%"
}


@article{Shultz:2015pfa,
      author         = "Shultz, Christian J. and Dudek, Jozef J. and Edwards,
                        Robert G.",
      title          = "{Excited meson radiative transitions from lattice QCD
                        using variationally optimized operators}",
      journal        = "Phys. Rev.",
      volume         = "D91",
      year           = "2015",
      number         = "11",
      pages          = "114501",
      doi            = "10.1103/PhysRevD.91.114501",
      eprint         = "1501.07457",
      archivePrefix  = "arXiv",
      primaryClass   = "hep-lat",
      reportNumber   = "JLAB-THY-15-2004",
      SLACcitation   = "%%CITATION = ARXIV:1501.07457;%%"
}


@article{Lellouch:2000pv,
      author         = "Lellouch, Laurent and Luscher, Martin",
      title          = "{Weak transition matrix elements from finite volume
                        correlation functions}",
      journal        = "Commun. Math. Phys.",
      volume         = "219",
      year           = "2001",
      pages          = "31-44",
      doi            = "10.1007/s002200100410",
      eprint         = "hep-lat/0003023",
      archivePrefix  = "arXiv",
      primaryClass   = "hep-lat",
      reportNumber   = "CERN-TH-2000-091, CPT-2000-PE-3984, LAPTH-788-00",
      SLACcitation   = "%%CITATION = HEP-LAT/0003023;%%"
}


@article{Meyer:2011um,
      author         = "Meyer, Harvey B.",
      title          = "{Lattice QCD and the Timelike Pion Form Factor}",
      journal        = "Phys. Rev. Lett.",
      volume         = "107",
      year           = "2011",
      pages          = "072002",
      doi            = "10.1103/PhysRevLett.107.072002",
      eprint         = "1105.1892",
      archivePrefix  = "arXiv",
      primaryClass   = "hep-lat",
      SLACcitation   = "%%CITATION = ARXIV:1105.1892;%%"
}


@article{Feng:2014gba,
      author         = "Feng, Xu and Aoki, Sinya and Hashimoto, Shoji and Kaneko,
                        Takashi",
      title          = "{Timelike pion form factor in lattice QCD}",
      journal        = "Phys. Rev.",
      volume         = "D91",
      year           = "2015",
      number         = "5",
      pages          = "054504",
      doi            = "10.1103/PhysRevD.91.054504",
      eprint         = "1412.6319",
      archivePrefix  = "arXiv",
      primaryClass   = "hep-lat",
      reportNumber   = "CU-TP-1206, KEK-CP-316, YITP-14-96",
      SLACcitation   = "%%CITATION = ARXIV:1412.6319;%%"
}


@article{Meyer:2012wk,
      author         = "Meyer, Harvey B.",
      title          = "{Photodisintegration of a Bound State on the Torus}",
      year           = "2012",
      eprint         = "1202.6675",
      archivePrefix  = "arXiv",
      primaryClass   = "hep-lat",
      SLACcitation   = "%%CITATION = ARXIV:1202.6675;%%"
}



%%% contains utf-8, see: https://inspirehep.net/info/faq/general#utf8
%%% add \usepackage[utf8]{inputenc} to your latex preamble

@article{Agadjanov:2014kha,
      author         = "Agadjanov, A. and Bernard, V. and Mei$\ss$ner, U. G. and
                        Rusetsky, A.",
      title          = "{A framework for the calculation of the $ŒîNŒ≥^‚Åé$
                        transition form factors on the lattice}",
      journal        = "Nucl. Phys.",
      volume         = "B886",
      year           = "2014",
      pages          = "1199-1222",
      doi            = "10.1016/j.nuclphysb.2014.07.023",
      eprint         = "1405.3476",
      archivePrefix  = "arXiv",
      primaryClass   = "hep-lat",
      SLACcitation   = "%%CITATION = ARXIV:1405.3476;%%"
}


@article{Bernard:2012bi,
      author         = "Bernard, V. and Hoja, D. and Meissner, U. G. and
                        Rusetsky, A.",
      title          = "{Matrix elements of unstable states}",
      journal        = "JHEP",
      volume         = "09",
      year           = "2012",
      pages          = "023",
      doi            = "10.1007/JHEP09(2012)023",
      eprint         = "1205.4642",
      archivePrefix  = "arXiv",
      primaryClass   = "hep-lat",
      SLACcitation   = "%%CITATION = ARXIV:1205.4642;%%"
}



%%% contains utf-8, see: https://inspirehep.net/info/faq/general#utf8
%%% add \usepackage[utf8]{inputenc} to your latex preamble

@article{Briceno:2015csa,
      author         = "Brice\~no, Ra\'ul A. and Hansen, Maxwell T.",
      title          = "{Multichannel 0 $\to$ 2 and 1 $\to$ 2 transition
                        amplitudes for arbitrary spin particles in a finite
                        volume}",
      journal        = "Phys. Rev.",
      volume         = "D92",
      year           = "2015",
      number         = "7",
      pages          = "074509",
      doi            = "10.1103/PhysRevD.92.074509",
      eprint         = "1502.04314",
      archivePrefix  = "arXiv",
      primaryClass   = "hep-lat",
      reportNumber   = "JLAB-THY-15-2009",
      SLACcitation   = "%%CITATION = ARXIV:1502.04314;%%"
}



%%% contains utf-8, see: https://inspirehep.net/info/faq/general#utf8
%%% add \usepackage[utf8]{inputenc} to your latex preamble

@article{Briceno:2014uqa,
      author         = "Brice\~no, Ra\'ul A. and Hansen, Maxwell T. and
                        Walker-Loud, Andr\'e",
      title          = "{Multichannel 1 $\rightarrow$ 2 transition amplitudes in
                        a finite volume}",
      journal        = "Phys. Rev.",
      volume         = "D91",
      year           = "2015",
      number         = "3",
      pages          = "034501",
      doi            = "10.1103/PhysRevD.91.034501",
      eprint         = "1406.5965",
      archivePrefix  = "arXiv",
      primaryClass   = "hep-lat",
      reportNumber   = "NT@WM-14-04, JLAB-THY-14-1909",
      SLACcitation   = "%%CITATION = ARXIV:1406.5965;%%"
}



%%% contains utf-8, see: https://inspirehep.net/info/faq/general#utf8
%%% add \usepackage[utf8]{inputenc} to your latex preamble

@article{Bai:2015nea,
      author         = "Bai, Z. and others",
      title          = "{Standard Model Prediction for Direct CP Violation in
                        K‚ÜíœÄœÄ Decay}",
      collaboration  = "RBC, UKQCD",
      journal        = "Phys. Rev. Lett.",
      volume         = "115",
      year           = "2015",
      number         = "21",
      pages          = "212001",
      doi            = "10.1103/PhysRevLett.115.212001",
      eprint         = "1505.07863",
      archivePrefix  = "arXiv",
      primaryClass   = "hep-lat",
      reportNumber   = "RBRC-1141",
      SLACcitation   = "%%CITATION = ARXIV:1505.07863;%%"
}


@article{Blum:2012uk,
      author         = "Blum, T. and others",
      title          = "{Lattice determination of the $K \to (\pi\pi)_{I=2}$
                        Decay Amplitude $A_2$}",
      journal        = "Phys. Rev.",
      volume         = "D86",
      year           = "2012",
      pages          = "074513",
      doi            = "10.1103/PhysRevD.86.074513",
      eprint         = "1206.5142",
      archivePrefix  = "arXiv",
      primaryClass   = "hep-lat",
      reportNumber   = "CU-TP-1202, EDINBURGH-2012-10, MPP-2012-101, SHEP-1217",
      SLACcitation   = "%%CITATION = ARXIV:1206.5142;%%"
}


@article{Boyle:2012ys,
      author         = "Boyle, P. A. and others",
      title          = "{Emerging understanding of the $\Delta I = 1/2$ Rule from
                        Lattice QCD}",
      collaboration  = "RBC, UKQCD",
      journal        = "Phys. Rev. Lett.",
      volume         = "110",
      year           = "2013",
      number         = "15",
      pages          = "152001",
      doi            = "10.1103/PhysRevLett.110.152001",
      eprint         = "1212.1474",
      archivePrefix  = "arXiv",
      primaryClass   = "hep-lat",
      SLACcitation   = "%%CITATION = ARXIV:1212.1474;%%"
}


@article{Blum:2011pu,
      author         = "Blum, T. and others",
      title          = "{$K$ to $\pi\pi$ Decay amplitudes from Lattice QCD}",
      journal        = "Phys. Rev.",
      volume         = "D84",
      year           = "2011",
      pages          = "114503",
      doi            = "10.1103/PhysRevD.84.114503",
      eprint         = "1106.2714",
      archivePrefix  = "arXiv",
      primaryClass   = "hep-lat",
      SLACcitation   = "%%CITATION = ARXIV:1106.2714;%%"
}


@article{Blum:2011ng,
      author         = "Blum, T. and others",
      title          = "{The $K\to(\pi\pi)_{I=2}$ Decay Amplitude from Lattice
                        QCD}",
      journal        = "Phys. Rev. Lett.",
      volume         = "108",
      year           = "2012",
      pages          = "141601",
      doi            = "10.1103/PhysRevLett.108.141601",
      eprint         = "1111.1699",
      archivePrefix  = "arXiv",
      primaryClass   = "hep-lat",
      SLACcitation   = "%%CITATION = ARXIV:1111.1699;%%"
}


@article{Colangelo:2014dfa,
      author         = "Colangelo, Gilberto and Hoferichter, Martin and Procura,
                        Massimiliano and Stoffer, Peter",
      title          = "{Dispersive approach to hadronic light-by-light
                        scattering}",
      journal        = "JHEP",
      volume         = "09",
      year           = "2014",
      pages          = "091",
      doi            = "10.1007/JHEP09(2014)091",
      eprint         = "1402.7081",
      archivePrefix  = "arXiv",
      primaryClass   = "hep-ph",
      SLACcitation   = "%%CITATION = ARXIV:1402.7081;%%"
}


@article{Colangelo:2014pva,
      author         = "Colangelo, Gilberto and Hoferichter, Martin and Kubis,
                        Bastian and Procura, Massimiliano and Stoffer, Peter",
      title          = "{Towards a data-driven analysis of hadronic
                        light-by-light scattering}",
      journal        = "Phys. Lett.",
      volume         = "B738",
      year           = "2014",
      pages          = "6-12",
      doi            = "10.1016/j.physletb.2014.09.021",
      eprint         = "1408.2517",
      archivePrefix  = "arXiv",
      primaryClass   = "hep-ph",
      SLACcitation   = "%%CITATION = ARXIV:1408.2517;%%"
}


@article{Wess:1971yu,
      author         = "Wess, J. and Zumino, B.",
      title          = "{Consequences of anomalous Ward identities}",
      journal        = "Phys. Lett.",
      volume         = "37B",
      year           = "1971",
      pages          = "95-97",
      doi            = "10.1016/0370-2693(71)90582-X",
      SLACcitation   = "%%CITATION = PHLTA,37B,95;%%"
}


@article{Witten:1983tw,
      author         = "Witten, Edward",
      title          = "{Global Aspects of Current Algebra}",
      journal        = "Nucl. Phys.",
      volume         = "B223",
      year           = "1983",
      pages          = "422-432",
      doi            = "10.1016/0550-3213(83)90063-9",
      reportNumber   = "PRINT-83-0262 (PRINCETON)",
      SLACcitation   = "%%CITATION = NUPHA,B223,422;%%"
}


@article{Huston:1986wi,
      author         = "Huston, J. and others",
      title          = "{Measurement of the Resonance Parameters and Radiative
                        Width of the $\rho^+$}",
      journal        = "Phys. Rev.",
      volume         = "D33",
      year           = "1986",
      pages          = "3199",
      doi            = "10.1103/PhysRevD.33.3199",
      reportNumber   = "UR-944, ER-13065-440",
      SLACcitation   = "%%CITATION = PHRVA,D33,3199;%%"
}


@article{Capraro:1987rp,
      author         = "Capraro, L. and others",
      title          = "{The $\rho$ Radiative Decay Width: A Measurement at
                        200-{GeV}}",
      booktitle      = "{HADRONS, QUARKS AND GLUONS. PROCEEDINGS, HADRONIC
                        SESSION OF THE 22ND RENCONTRES DE MORIOND, LES ARCS,
                        FRANCE, MARCH 15-21, 1987}",
      journal        = "Nucl. Phys.",
      volume         = "B288",
      year           = "1987",
      pages          = "659",
      doi            = "10.1016/0550-3213(87)90233-1",
      note           = "[,703(1987)]",
      reportNumber   = "CERN-EP/87-37",
      SLACcitation   = "%%CITATION = NUPHA,B288,659;%%"
}


@article{Briceno:2015dca,
      author         = "Brice\~no, Raul A. and Dudek, Jozef J. and Edwards, Robert
                        G. and Shultz, Christian J. and Thomas, Christopher E. and
                        Wilson, David J.",
      title          = "{The resonant $\pi^+\gamma\to\pi^+\pi^0$ amplitude from
                        Quantum Chromodynamics}",
      journal        = "Phys. Rev. Lett.",
      volume         = "115",
      year           = "2015",
      pages          = "242001",
      doi            = "10.1103/PhysRevLett.115.242001",
      eprint         = "1507.06622",
      archivePrefix  = "arXiv",
      primaryClass   = "hep-ph",
      reportNumber   = "JLAB-THY-15-2106, DAMTP-2015-40",
      SLACcitation   = "%%CITATION = ARXIV:1507.06622;%%"
}



%%% contains utf-8, see: https://inspirehep.net/info/faq/general#utf8
%%% add \usepackage[utf8]{inputenc} to your latex preamble

@article{Briceno:2016kkp,
      author         = "Brice\~no, Ra\'ul A. and Dudek, Jozef J. and Edwards,
                        Robert G. and Shultz, Christian J. and Thomas, Christopher
                        E. and Wilson, David J.",
      title          = "{The $\pi\pi\to\pi\gamma^\star$ amplitude and the
                        resonant $\rho\to\pi\gamma^\star$ transition from lattice
                        QCD}",
      journal        = "Phys. Rev.",
      volume         = "D93",
      year           = "2016",
      number         = "11",
      pages          = "114508",
      doi            = "10.1103/PhysRevD.93.114508",
      eprint         = "1604.03530",
      archivePrefix  = "arXiv",
      primaryClass   = "hep-ph",
      reportNumber   = "JLAB-THY-16-2237, DAMTP-2016-24",
      SLACcitation   = "%%CITATION = ARXIV:1604.03530;%%"
}


@article{Liu:2013waa,
      author         = "Liu, Xiang",
      title          = "{An overview of $XYZ$ new particles}",
      journal        = "Chin. Sci. Bull.",
      volume         = "59",
      year           = "2014",
      pages          = "3815-3830",
      doi            = "10.1007/s11434-014-0407-2",
      eprint         = "1312.7408",
      archivePrefix  = "arXiv",
      primaryClass   = "hep-ph",
      SLACcitation   = "%%CITATION = ARXIV:1312.7408;%%"
}


@article{Chen:2016qju,
      author         = "Chen, Hua-Xing and Chen, Wei and Liu, Xiang and Zhu,
                        Shi-Lin",
      title          = "{The hidden-charm pentaquark and tetraquark states}",
      journal        = "Phys. Rept.",
      volume         = "639",
      year           = "2016",
      pages          = "1-121",
      doi            = "10.1016/j.physrep.2016.05.004",
      eprint         = "1601.02092",
      archivePrefix  = "arXiv",
      primaryClass   = "hep-ph",
      SLACcitation   = "%%CITATION = ARXIV:1601.02092;%%"
}


@article{GarciaMartin:2011jx,
      author         = "Garcia-Martin, R. and Kaminski, R. and Pelaez, J. R. and
                        Ruiz de Elvira, J.",
      title          = "{Precise determination of the f0(600) and f0(980) pole
                        parameters from a dispersive data analysis}",
      journal        = "Phys. Rev. Lett.",
      volume         = "107",
      year           = "2011",
      pages          = "072001",
      doi            = "10.1103/PhysRevLett.107.072001",
      eprint         = "1107.1635",
      archivePrefix  = "arXiv",
      primaryClass   = "hep-ph",
      SLACcitation   = "%%CITATION = ARXIV:1107.1635;%%"
}


@article{Caprini:2005zr,
      author         = "Caprini, Irinel and Colangelo, Gilberto and Leutwyler,
                        Heinrich",
      title          = "{Mass and width of the lowest resonance in QCD}",
      journal        = "Phys. Rev. Lett.",
      volume         = "96",
      year           = "2006",
      pages          = "132001",
      doi            = "10.1103/PhysRevLett.96.132001",
      eprint         = "hep-ph/0512364",
      archivePrefix  = "arXiv",
      primaryClass   = "hep-ph",
      SLACcitation   = "%%CITATION = HEP-PH/0512364;%%"
}


@article{Shepherd:2016dni,
      author         = "Shepherd, Matthew R. and Dudek, Jozef J. and Mitchell,
                        Ryan E.",
      title          = "{Searching for the rules that govern hadron
                        construction}",
      journal        = "Nature",
      volume         = "534",
      year           = "2016",
      number         = "7608",
      pages          = "487-493",
      doi            = "10.1038/nature18011",
      reportNumber   = "JLAB-THY-16-2286",
      SLACcitation   = "%%CITATION = NATUA,534,487;%%"
}


@article{Duncan:1996xy,
      author         = "Duncan, A. and Eichten, E. and Thacker, H.",
      title          = "{Electromagnetic splittings and light quark masses in
                        lattice QCD}",
      journal        = "Phys. Rev. Lett.",
      volume         = "76",
      year           = "1996",
      pages          = "3894-3897",
      doi            = "10.1103/PhysRevLett.76.3894",
      eprint         = "hep-lat/9602005",
      archivePrefix  = "arXiv",
      primaryClass   = "hep-lat",
      reportNumber   = "FERMILAB-PUB-96-016-T",
      SLACcitation   = "%%CITATION = HEP-LAT/9602005;%%"
}


@article{Blum:2007cy,
      author         = "Blum, Thomas and Doi, Takumi and Hayakawa, Masashi and
                        Izubuchi, Taku and Yamada, Norikazu",
      title          = "{Determination of light quark masses from the
                        electromagnetic splitting of pseudoscalar meson masses
                        computed with two flavors of domain wall fermions}",
      journal        = "Phys. Rev.",
      volume         = "D76",
      year           = "2007",
      pages          = "114508",
      doi            = "10.1103/PhysRevD.76.114508",
      eprint         = "0708.0484",
      archivePrefix  = "arXiv",
      primaryClass   = "hep-lat",
      reportNumber   = "KANAZAWA-07-11, KEK-CP-189, RBRC-636",
      SLACcitation   = "%%CITATION = ARXIV:0708.0484;%%"
}


@article{Borsanyi:2014jba,
      author         = "Borsanyi, Sz. and others",
      title          = "{Ab initio calculation of the neutron-proton mass
                        difference}",
      journal        = "Science",
      volume         = "347",
      year           = "2015",
      pages          = "1452-1455",
      doi            = "10.1126/science.1257050",
      eprint         = "1406.4088",
      archivePrefix  = "arXiv",
      primaryClass   = "hep-lat",
      SLACcitation   = "%%CITATION = ARXIV:1406.4088;%%"
}


@article{Horsley:2015eaa,
      author         = "Horsley, R. and others",
      title          = "{Isospin splittings of meson and baryon masses from
                        three-flavor lattice QCD + QED}",
      journal        = "J. Phys.",
      volume         = "G43",
      year           = "2016",
      number         = "10",
      pages          = "10LT02",
      doi            = "10.1088/0954-3899/43/10/10LT02",
      eprint         = "1508.06401",
      archivePrefix  = "arXiv",
      primaryClass   = "hep-lat",
      reportNumber   = "ADP-15-28-T930, DESY-15-153, EDINBURGH-2015-18,
                        LIVERPOOL-LTH-1053",
      SLACcitation   = "%%CITATION = ARXIV:1508.06401;%%"
}


@article{Blum:2010ym,
      author         = "Blum, T. and Zhou, R. and Doi, T. and Hayakawa, M. and
                        Izubuchi, T. and Uno, S. and Yamada, N.",
      title          = "{Electromagnetic mass splittings of the low lying hadrons
                        and quark masses from 2+1 flavor lattice QCD+QED}",
      journal        = "Phys. Rev.",
      volume         = "D82",
      year           = "2010",
      pages          = "094508",
      doi            = "10.1103/PhysRevD.82.094508",
      eprint         = "1006.1311",
      archivePrefix  = "arXiv",
      primaryClass   = "hep-lat",
      reportNumber   = "KEK-CP-235, RBRC-844",
      SLACcitation   = "%%CITATION = ARXIV:1006.1311;%%"
}


@article{Aoki:2012st,
      author         = "Aoki, S. and others",
      title          = "{1+1+1 flavor QCD + QED simulation at the physical
                        point}",
      journal        = "Phys. Rev.",
      volume         = "D86",
      year           = "2012",
      pages          = "034507",
      doi            = "10.1103/PhysRevD.86.034507",
      eprint         = "1205.2961",
      archivePrefix  = "arXiv",
      primaryClass   = "hep-lat",
      reportNumber   = "UTCCS-P-66",
      SLACcitation   = "%%CITATION = ARXIV:1205.2961;%%"
}


@article{deDivitiis:2013xla,
      author         = "de Divitiis, G. M. and Frezzotti, R. and Lubicz, V. and
                        Martinelli, G. and Petronzio, R. and Rossi, G. C. and
                        Sanfilippo, F. and Simula, S. and Tantalo, N.",
      title          = "{Leading isospin breaking effects on the lattice}",
      collaboration  = "RM123",
      journal        = "Phys. Rev.",
      volume         = "D87",
      year           = "2013",
      number         = "11",
      pages          = "114505",
      doi            = "10.1103/PhysRevD.87.114505",
      eprint         = "1303.4896",
      archivePrefix  = "arXiv",
      primaryClass   = "hep-lat",
      SLACcitation   = "%%CITATION = ARXIV:1303.4896;%%"
}


@article{Luscher:1990ck,
      author         = "Luscher, Martin and Wolff, Ulli",
      title          = "{How to Calculate the Elastic Scattering Matrix in
                        Two-dimensional Quantum Field Theories by Numerical
                        Simulation}",
      journal        = "Nucl. Phys.",
      volume         = "B339",
      year           = "1990",
      pages          = "222-252",
      doi            = "10.1016/0550-3213(90)90540-T",
      reportNumber   = "DESY-90-010",
      SLACcitation   = "%%CITATION = NUPHA,B339,222;%%"
}


@article{Foley:2005ac,
      author         = "Foley, Justin and Jimmy Juge, K. and O'Cais, Alan and
                        Peardon, Mike and Ryan, Sinead M. and Skullerud, Jon-Ivar",
      title          = "{Practical all-to-all propagators for lattice QCD}",
      journal        = "Comput. Phys. Commun.",
      volume         = "172",
      year           = "2005",
      pages          = "145-162",
      doi            = "10.1016/j.cpc.2005.06.008",
      eprint         = "hep-lat/0505023",
      archivePrefix  = "arXiv",
      primaryClass   = "hep-lat",
      reportNumber   = "TRINLAT-05-02",
      SLACcitation   = "%%CITATION = HEP-LAT/0505023;%%"
}


@article{Blossier:2009kd,
      author         = "Blossier, Benoit and Della Morte, Michele and von Hippel,
                        Georg and Mendes, Tereza and Sommer, Rainer",
      title          = "{On the generalized eigenvalue method for energies and
                        matrix elements in lattice field theory}",
      journal        = "JHEP",
      volume         = "04",
      year           = "2009",
      pages          = "094",
      doi            = "10.1088/1126-6708/2009/04/094",
      eprint         = "0902.1265",
      archivePrefix  = "arXiv",
      primaryClass   = "hep-lat",
      reportNumber   = "DESY-09-014, SFB-CPP-09-10, MKPH-T-09-01,
                        LPT-ORSAY-09-05",
      SLACcitation   = "%%CITATION = ARXIV:0902.1265;%%"
}


@article{Morningstar:2011ka,
      author         = "Morningstar, Colin and Bulava, John and Foley, Justin and
                        Juge, Keisuke J. and Lenkner, David and Peardon, Mike and
                        Wong, Chik Him",
      title          = "{Improved stochastic estimation of quark propagation with
                        Laplacian Heaviside smearing in lattice QCD}",
      journal        = "Phys. Rev.",
      volume         = "D83",
      year           = "2011",
      pages          = "114505",
      doi            = "10.1103/PhysRevD.83.114505",
      eprint         = "1104.3870",
      archivePrefix  = "arXiv",
      primaryClass   = "hep-lat",
      reportNumber   = "DESY-11-035",
      SLACcitation   = "%%CITATION = ARXIV:1104.3870;%%"
}


@article{Wilson:1974sk,
      author         = "Wilson, Kenneth G.",
      title          = "{Confinement of Quarks}",
      journal        = "Phys. Rev.",
      volume         = "D10",
      year           = "1974",
      pages          = "2445-2459",
      doi            = "10.1103/PhysRevD.10.2445",
      note           = "[,45(1974)]",
      reportNumber   = "CLNS-262",
      SLACcitation   = "%%CITATION = PHRVA,D10,2445;%%"
}


@article{Luscher:1985dn,
      author         = "Luscher, M.",
      title          = "{Volume Dependence of the Energy Spectrum in Massive
                        Quantum Field Theories. 1. Stable Particle States}",
      journal        = "Commun. Math. Phys.",
      volume         = "104",
      year           = "1986",
      pages          = "177",
      doi            = "10.1007/BF01211589",
      reportNumber   = "DESY-85-144",
      SLACcitation   = "%%CITATION = CMPHA,104,177;%%"
}


@article{Prelovsek:2013xba,
      author         = "Prelovsek, Sasa and Leskovec, Luka",
      title          = "{Search for $Z^{+}_{c}$(3900) in the $1^{+-}$ Channel on
                        the Lattice}",
      journal        = "Phys. Lett.",
      volume         = "B727",
      year           = "2013",
      pages          = "172-176",
      doi            = "10.1016/j.physletb.2013.10.009",
      eprint         = "1308.2097",
      archivePrefix  = "arXiv",
      primaryClass   = "hep-lat",
      SLACcitation   = "%%CITATION = ARXIV:1308.2097;%%"
}


@article{Prelovsek:2014swa,
      author         = "Prelovsek, Sasa and Lang, C. B. and Leskovec, Luka and
                        Mohler, Daniel",
      title          = "{Study of the $Z_c^+$ channel using lattice QCD}",
      journal        = "Phys. Rev.",
      volume         = "D91",
      year           = "2015",
      number         = "1",
      pages          = "014504",
      doi            = "10.1103/PhysRevD.91.014504",
      eprint         = "1405.7623",
      archivePrefix  = "arXiv",
      primaryClass   = "hep-lat",
      reportNumber   = "FERMILAB-PUB-14-144-T",
      SLACcitation   = "%%CITATION = ARXIV:1405.7623;%%"
}


@article{Padmanath:2015era,
      author         = "Padmanath, M. and Lang, C. B. and Prelovsek, Sasa",
      title          = "{X(3872) and Y(4140) using diquark-antidiquark operators
                        with lattice QCD}",
      journal        = "Phys. Rev.",
      volume         = "D92",
      year           = "2015",
      number         = "3",
      pages          = "034501",
      doi            = "10.1103/PhysRevD.92.034501",
      eprint         = "1503.03257",
      archivePrefix  = "arXiv",
      primaryClass   = "hep-lat",
      reportNumber   = "JLAB-THY-15-2017",
      SLACcitation   = "%%CITATION = ARXIV:1503.03257;%%"
}


@article{Bernard:2007cm,
      author         = "Bernard, Veronique and Meissner, Ulf-G. and Rusetsky,
                        Akaki",
      title          = "{The Delta-resonance in a finite volume}",
      journal        = "Nucl. Phys.",
      volume         = "B788",
      year           = "2008",
      pages          = "1-20",
      doi            = "10.1016/j.nuclphysb.2007.07.030",
      eprint         = "hep-lat/0702012",
      archivePrefix  = "arXiv",
      primaryClass   = "HEP-LAT",
      reportNumber   = "FZJ-IKP-TH-2007-01",
      SLACcitation   = "%%CITATION = HEP-LAT/0702012;%%"
}


@article{Beane:2012ey,
      author         = "Beane, S. R. and Chang, E. and Cohen, S. D. and Detmold,
                        W. and Lin, H. -W. and Luu, T. C. and Orginos, K. and
                        Parreno, A. and Savage, M. J. and Walker-Loud, A.",
      title          = "{Hyperon-Nucleon Interactions and the Composition of
                        Dense Nuclear Matter from Quantum Chromodynamics}",
      journal        = "Phys. Rev. Lett.",
      volume         = "109",
      year           = "2012",
      pages          = "172001",
      doi            = "10.1103/PhysRevLett.109.172001",
      eprint         = "1204.3606",
      archivePrefix  = "arXiv",
      primaryClass   = "hep-lat",
      reportNumber   = "UNH-12-03, JLAB-THY-12-1509, NT-UW-12-06, NT-LBNL-12-005,
                        UCB-NPAT-12-005, NT@UW-12-06, --UCB-NPAT-12-005",
      SLACcitation   = "%%CITATION = ARXIV:1204.3606;%%"
}


@article{Hall:2013qba,
      author         = "Hall, J. M. M. and Hsu, A. C. -P. and Leinweber, D. B.
                        and Thomas, A. W. and Young, R. D.",
      title          = "{Finite-volume matrix Hamiltonian model for a $\Delta \to
                        N\pi$ system}",
      journal        = "Phys. Rev.",
      volume         = "D87",
      year           = "2013",
      number         = "9",
      pages          = "094510",
      doi            = "10.1103/PhysRevD.87.094510",
      eprint         = "1303.4157",
      archivePrefix  = "arXiv",
      primaryClass   = "hep-lat",
      reportNumber   = "ADP-13-10-T830",
      SLACcitation   = "%%CITATION = ARXIV:1303.4157;%%"
}


@article{Wu:2014vma,
      author         = "Wu, Jia-Jun and Lee, T. -S. H. and Thomas, A. W. and
                        Young, R. D.",
      title          = "{Finite-volume Hamiltonian method for coupled-channels
                        interactions in lattice QCD}",
      journal        = "Phys. Rev.",
      volume         = "C90",
      year           = "2014",
      number         = "5",
      pages          = "055206",
      doi            = "10.1103/PhysRevC.90.055206",
      eprint         = "1402.4868",
      archivePrefix  = "arXiv",
      primaryClass   = "hep-lat",
      SLACcitation   = "%%CITATION = ARXIV:1402.4868;%%"
}


@article{Briceno:2013lba,
      author         = "Brice\~no, Raul A. and Davoudi, Zohreh and Luu, Thomas C.",
      title          = "{Two-Nucleon Systems in a Finite Volume: (I) Quantization
                        Conditions}",
      journal        = "Phys. Rev.",
      volume         = "D88",
      year           = "2013",
      number         = "3",
      pages          = "034502",
      doi            = "10.1103/PhysRevD.88.034502",
      eprint         = "1305.4903",
      archivePrefix  = "arXiv",
      primaryClass   = "hep-lat",
      reportNumber   = "NT@UW-13-19",
      SLACcitation   = "%%CITATION = ARXIV:1305.4903;%%"
}


@article{Liu:2015ktc,
      author         = "Liu, Zhan-Wei and Kamleh, Waseem and Leinweber, Derek B.
                        and Stokes, Finn M. and Thomas, Anthony W. and Wu,
                        Jia-Jun",
      title          = "{Hamiltonian effective field theory study of the
                        $\mathbf{N^*(1535)}$ resonance in lattice QCD}",
      journal        = "Phys. Rev. Lett.",
      volume         = "116",
      year           = "2016",
      number         = "8",
      pages          = "082004",
      doi            = "10.1103/PhysRevLett.116.082004",
      eprint         = "1512.00140",
      archivePrefix  = "arXiv",
      primaryClass   = "hep-lat",
      reportNumber   = "ADP-15-46-T948",
      SLACcitation   = "%%CITATION = ARXIV:1512.00140;%%"
}


@article{Liu:2016uzk,
      author         = "Liu, Zhan-Wei and Kamleh, Waseem and Leinweber, Derek B.
                        and Stokes, Finn M. and Thomas, Anthony W. and Wu,
                        Jia-Jun",
      title          = "{Hamiltonian effective field theory study of the
                        $\mathbf{N^*(1440)}$ resonance in lattice QCD}",
      journal        = "Phys. Rev.",
      volume         = "D95",
      year           = "2017",
      number         = "3",
      pages          = "034034",
      doi            = "10.1103/PhysRevD.95.034034",
      eprint         = "1607.04536",
      archivePrefix  = "arXiv",
      primaryClass   = "nucl-th",
      reportNumber   = "ADP-16-27-T982",
      SLACcitation   = "%%CITATION = ARXIV:1607.04536;%%"
}


@article{Kiratidis:2016hda,
      author         = "Kiratidis, Adrian L. and Kamleh, Waseem and Leinweber,
                        Derek B. and Liu, Zhan-Wei and Stokes, Finn M. and Thomas,
                        Anthony W.",
      title          = "{Search for low-lying lattice QCD eigenstates in the
                        Roper regime}",
      year           = "2016",
      eprint         = "1608.03051",
      archivePrefix  = "arXiv",
      primaryClass   = "hep-lat",
      SLACcitation   = "%%CITATION = ARXIV:1608.03051;%%"
}


@article{Oller:1997ng,
      author         = "Oller, J. A. and Oset, E. and Pelaez, J. R.",
      title          = "{Nonperturbative approach to effective chiral Lagrangians
                        and meson interactions}",
      journal        = "Phys. Rev. Lett.",
      volume         = "80",
      year           = "1998",
      pages          = "3452-3455",
      doi            = "10.1103/PhysRevLett.80.3452",
      eprint         = "hep-ph/9803242",
      archivePrefix  = "arXiv",
      primaryClass   = "hep-ph",
      SLACcitation   = "%%CITATION = HEP-PH/9803242;%%"
}


@article{Dobado:1996ps,
      author         = "Dobado, A. and Pelaez, J. R.",
      title          = "{The Inverse amplitude method in chiral perturbation
                        theory}",
      journal        = "Phys. Rev.",
      volume         = "D56",
      year           = "1997",
      pages          = "3057-3073",
      doi            = "10.1103/PhysRevD.56.3057",
      eprint         = "hep-ph/9604416",
      archivePrefix  = "arXiv",
      primaryClass   = "hep-ph",
      reportNumber   = "LBL-38645, UCM-FT-3-96",
      SLACcitation   = "%%CITATION = HEP-PH/9604416;%%"
}


@article{Oller:1998hw,
      author         = "Oller, J. A. and Oset, E. and Pelaez, J. R.",
      title          = "{Meson meson interaction in a nonperturbative chiral
                        approach}",
      journal        = "Phys. Rev.",
      volume         = "D59",
      year           = "1999",
      pages          = "074001",
      doi            = "10.1103/PhysRevD.59.074001, 10.1103/PhysRevD.60.099906,
                        10.1103/PhysRevD.75.099903",
      note           = "[Erratum: Phys. Rev.D75,099903(2007)]",
      eprint         = "hep-ph/9804209",
      archivePrefix  = "arXiv",
      primaryClass   = "hep-ph",
      reportNumber   = "SLAC-PUB-7787",
      SLACcitation   = "%%CITATION = HEP-PH/9804209;%%"
}


@article{GomezNicola:2001as,
      author         = "Gomez Nicola, A. and Pelaez, J. R.",
      title          = "{Meson meson scattering within one loop chiral
                        perturbation theory and its unitarization}",
      journal        = "Phys. Rev.",
      volume         = "D65",
      year           = "2002",
      pages          = "054009",
      doi            = "10.1103/PhysRevD.65.054009",
      eprint         = "hep-ph/0109056",
      archivePrefix  = "arXiv",
      primaryClass   = "hep-ph",
      SLACcitation   = "%%CITATION = HEP-PH/0109056;%%"
}


@article{Pelaez:2006nj,
      author         = "Pelaez, J. R. and Rios, G.",
      title          = "{Nature of the f0(600) from its N(c) dependence at two
                        loops in unitarized Chiral Perturbation Theory}",
      journal        = "Phys. Rev. Lett.",
      volume         = "97",
      year           = "2006",
      pages          = "242002",
      doi            = "10.1103/PhysRevLett.97.242002",
      eprint         = "hep-ph/0610397",
      archivePrefix  = "arXiv",
      primaryClass   = "hep-ph",
      SLACcitation   = "%%CITATION = HEP-PH/0610397;%%"
}



%%% contains utf-8, see: https://inspirehep.net/info/faq/general#utf8
%%% add \usepackage[utf8]{inputenc} to your latex preamble

@article{Agadjanov:2016mao,
      author         = "Agadjanov, Dimitri and Doring, Michael and Mai, Maxim and
                        Mei√üner, Ulf-G. and Rusetsky, Akaki",
      title          = "{The Optical Potential on the Lattice}",
      journal        = "JHEP",
      volume         = "06",
      year           = "2016",
      pages          = "043",
      doi            = "10.1007/JHEP06(2016)043",
      eprint         = "1603.07205",
      archivePrefix  = "arXiv",
      primaryClass   = "hep-lat",
      SLACcitation   = "%%CITATION = ARXIV:1603.07205;%%"
}


@article{Chen:2012rp,
      author         = "Chen, Hua-Xing and Oset, E.",
      title          = "{$\pi\pi$ interaction in the $\rho$ channel in finite
                        volume}",
      journal        = "Phys. Rev.",
      volume         = "D87",
      year           = "2013",
      number         = "1",
      pages          = "016014",
      doi            = "10.1103/PhysRevD.87.016014",
      eprint         = "1202.2787",
      archivePrefix  = "arXiv",
      primaryClass   = "hep-lat",
      SLACcitation   = "%%CITATION = ARXIV:1202.2787;%%"
}


@article{Doring:2012eu,
      author         = "Doring, M. and Meissner, U. G. and Oset, E. and Rusetsky,
                        A.",
      title          = "{Scalar mesons moving in a finite volume and the role of
                        partial wave mixing}",
      journal        = "Eur. Phys. J.",
      volume         = "A48",
      year           = "2012",
      pages          = "114",
      doi            = "10.1140/epja/i2012-12114-6",
      eprint         = "1205.4838",
      archivePrefix  = "arXiv",
      primaryClass   = "hep-lat",
      SLACcitation   = "%%CITATION = ARXIV:1205.4838;%%"
}


@article{Doring:2011nd,
      author         = "Doring, M. and Meissner, Ulf G.",
      title          = "{Finite volume effects in pion-kaon scattering and
                        reconstruction of the $\kappa$(800) resonance}",
      journal        = "JHEP",
      volume         = "01",
      year           = "2012",
      pages          = "009",
      doi            = "10.1007/JHEP01(2012)009",
      eprint         = "1111.0616",
      archivePrefix  = "arXiv",
      primaryClass   = "hep-lat",
      SLACcitation   = "%%CITATION = ARXIV:1111.0616;%%"
}



%%% contains utf-8, see: https://inspirehep.net/info/faq/general#utf8
%%% add \usepackage[utf8]{inputenc} to your latex preamble

@article{Molina:2015uqp,
      author         = "Molina, R. and D√∂ring, M.",
      title          = "{Pole structure of the $\Lambda$(1405) in a recent QCD
                        simulation}",
      journal        = "Phys. Rev.",
      volume         = "D94",
      year           = "2016",
      number         = "5",
      pages          = "056010",
      doi            = "10.1103/PhysRevD.94.079901, 10.1103/PhysRevD.94.056010",
      note           = "[Addendum: Phys. Rev.D94,no.7,079901(2016)]",
      eprint         = "1512.05831",
      archivePrefix  = "arXiv",
      primaryClass   = "hep-lat",
      SLACcitation   = "%%CITATION = ARXIV:1512.05831;%%"
}


@article{Doring:2011vk,
      author         = "Doring, M. and Meissner, Ulf-G. and Oset, E. and
                        Rusetsky, A.",
      title          = "{Unitarized Chiral Perturbation Theory in a finite
                        volume: Scalar meson sector}",
      journal        = "Eur. Phys. J.",
      volume         = "A47",
      year           = "2011",
      pages          = "139",
      doi            = "10.1140/epja/i2011-11139-7",
      eprint         = "1107.3988",
      archivePrefix  = "arXiv",
      primaryClass   = "hep-lat",
      SLACcitation   = "%%CITATION = ARXIV:1107.3988;%%"
}


@article{Garzon:2013uwa,
      author         = "Garzon, E. J. and Molina, R. and Hosaka, A. and Oset, E.",
      title          = "{Strategies for an accurate determination of the X(3872)
                        energy from QCD lattice simulations}",
      journal        = "Phys. Rev.",
      volume         = "D89",
      year           = "2014",
      pages          = "014504",
      doi            = "10.1103/PhysRevD.89.014504",
      eprint         = "1310.0972",
      archivePrefix  = "arXiv",
      primaryClass   = "hep-lat",
      SLACcitation   = "%%CITATION = ARXIV:1310.0972;%%"
}


@article{Nebreda:2011di,
      author         = "Nebreda, J. and Pelaez, J. R. and Rios, G.",
      title          = "{Chiral extrapolation of pion-pion scattering phase
                        shifts within standard and unitarized Chiral Perturbation
                        Theory}",
      journal        = "Phys. Rev.",
      volume         = "D83",
      year           = "2011",
      pages          = "094011",
      doi            = "10.1103/PhysRevD.83.094011",
      eprint         = "1101.2171",
      archivePrefix  = "arXiv",
      primaryClass   = "hep-ph",
      SLACcitation   = "%%CITATION = ARXIV:1101.2171;%%"
}


@article{Rios:2008zr,
      author         = "Rios, G. and Gomez Nicola, A. and Hanhart, C. and Pelaez,
                        J. R.",
      title          = "{Chiral extrapolation of the sigma and rho mesons from
                        dispersion relations and Chiral Perturbation Theory}",
      booktitle      = "{Scalar mesons and related topics. Proceedings, Workshop
                        honoring Michael Scadron's 70th birthday, SCADRON70,
                        Lisbon, Portugal, February 11-16, 2008}",
      journal        = "AIP Conf. Proc.",
      volume         = "1030",
      year           = "2008",
      pages          = "268-272",
      doi            = "10.1063/1.2973511",
      eprint         = "0803.4318",
      archivePrefix  = "arXiv",
      primaryClass   = "hep-ph",
      reportNumber   = "FZJ-IKP-TH-2008-7",
      SLACcitation   = "%%CITATION = ARXIV:0803.4318;%%"
}


@article{Guo:2008nc,
      author         = "Guo, Feng-Kun and Hanhart, Christoph and Llanes-Estrada,
                        Felipe J. and Meissner, Ulf-G.",
      title          = "{Quark mass dependence of the pion vector form factor}",
      journal        = "Phys. Lett.",
      volume         = "B678",
      year           = "2009",
      pages          = "90-96",
      doi            = "10.1016/j.physletb.2009.05.052",
      eprint         = "0812.3270",
      archivePrefix  = "arXiv",
      primaryClass   = "hep-ph",
      reportNumber   = "FZJ-IKP-TH-2008-19, HISKP-TH-08-25",
      SLACcitation   = "%%CITATION = ARXIV:0812.3270;%%"
}


@article{Hanhart:2008mx,
      author         = "Hanhart, C. and Pelaez, J. R. and Rios, G.",
      title          = "{Quark mass dependence of the rho and sigma from
                        dispersion relations and Chiral Perturbation Theory}",
      journal        = "Phys. Rev. Lett.",
      volume         = "100",
      year           = "2008",
      pages          = "152001",
      doi            = "10.1103/PhysRevLett.100.152001",
      eprint         = "0801.2871",
      archivePrefix  = "arXiv",
      primaryClass   = "hep-ph",
      reportNumber   = "FZJ-IKP-TH-2008-01",
      SLACcitation   = "%%CITATION = ARXIV:0801.2871;%%"
}


@article{Liu:2012zya,
      author         = "Liu, Liuming and Orginos, Kostas and Guo, Feng-Kun and
                        Hanhart, Christoph and Meissner, Ulf-G.",
      title          = "{Interactions of charmed mesons with light pseudoscalar
                        mesons from lattice QCD and implications on the nature of
                        the $D_{s0}^*(2317)$}",
      journal        = "Phys. Rev.",
      volume         = "D87",
      year           = "2013",
      number         = "1",
      pages          = "014508",
      doi            = "10.1103/PhysRevD.87.014508",
      eprint         = "1208.4535",
      archivePrefix  = "arXiv",
      primaryClass   = "hep-lat",
      reportNumber   = "JLAB-THY-12-1599",
      SLACcitation   = "%%CITATION = ARXIV:1208.4535;%%"
}


@article{Bolton:2015psa,
      author         = "Bolton, Daniel R. and Brice\~no, Raul A. and Wilson, David
                        J.",
      title          = "{Connecting physical resonant amplitudes and lattice
                        QCD}",
      journal        = "Phys. Lett.",
      volume         = "B757",
      year           = "2016",
      pages          = "50-56",
      doi            = "10.1016/j.physletb.2016.03.043",
      eprint         = "1507.07928",
      archivePrefix  = "arXiv",
      primaryClass   = "hep-ph",
      reportNumber   = "JLAB-THY-15-2103, COLO-HEP-587",
      SLACcitation   = "%%CITATION = ARXIV:1507.07928;%%"
}



%%% contains utf-8, see: https://inspirehep.net/info/faq/general#utf8
%%% add \usepackage[utf8]{inputenc} to your latex preamble

@article{Hu:2016shf,
      author         = "Hu, B. and Molina, R. and D√∂ring, M. and Alexandru, A.",
      title          = "{Two-flavor Simulations of the $\rho(770)$ and the Role
                        of the $K\bar K$ Channel}",
      journal        = "Phys. Rev. Lett.",
      volume         = "117",
      year           = "2016",
      number         = "12",
      pages          = "122001",
      doi            = "10.1103/PhysRevLett.117.122001",
      eprint         = "1605.04823",
      archivePrefix  = "arXiv",
      primaryClass   = "hep-lat",
      reportNumber   = "JLAB-THY-16-2316",
      SLACcitation   = "%%CITATION = ARXIV:1605.04823;%%"
}



%%% contains utf-8, see: https://inspirehep.net/info/faq/general#utf8
%%% add \usepackage[utf8]{inputenc} to your latex preamble

@article{Doring:2016bdr,
      author         = "D√∂ring, Michael and Hu, Bin and Mai, Maxim",
      title          = "{Chiral Extrapolation of the Sigma Resonance}",
      year           = "2016",
      eprint         = "1610.10070",
      archivePrefix  = "arXiv",
      primaryClass   = "hep-lat",
      reportNumber   = "JLAB-THY-16-2372",
      SLACcitation   = "%%CITATION = ARXIV:1610.10070;%%"
}


@article{Leinweber:2001ac,
      author         = "Leinweber, Derek Bruce and Thomas, Anthony William and
                        Tsushima, Kazuo and Wright, Stewart Victor",
      title          = "{Chiral behavior of the rho meson in lattice QCD}",
      journal        = "Phys. Rev.",
      volume         = "D64",
      year           = "2001",
      pages          = "094502",
      doi            = "10.1103/PhysRevD.64.094502",
      eprint         = "hep-lat/0104013",
      archivePrefix  = "arXiv",
      primaryClass   = "hep-lat",
      reportNumber   = "ADP-01-16-T451",
      SLACcitation   = "%%CITATION = HEP-LAT/0104013;%%"
}


@article{Bruns:2004tj,
      author         = "Bruns, Peter C. and Meissner, Ulf-G.",
      title          = "{Infrared regularization for spin-1 fields}",
      journal        = "Eur. Phys. J.",
      volume         = "C40",
      year           = "2005",
      pages          = "97-119",
      doi            = "10.1140/epjc/s2005-02118-0",
      eprint         = "hep-ph/0411223",
      archivePrefix  = "arXiv",
      primaryClass   = "hep-ph",
      reportNumber   = "HISKP-TH-04-23",
      SLACcitation   = "%%CITATION = HEP-PH/0411223;%%"
}


@article{Allton:2005fb,
      author         = "Allton, C. R. and Armour, W. and Leinweber, Derek Bruce
                        and Thomas, Anthony William and Young, Ross Daniel",
      title          = "{Chiral and continuum extrapolation of partially-quenched
                        lattice results}",
      journal        = "Phys. Lett.",
      volume         = "B628",
      year           = "2005",
      pages          = "125-130",
      doi            = "10.1016/j.physletb.2005.09.020",
      eprint         = "hep-lat/0504022",
      archivePrefix  = "arXiv",
      primaryClass   = "hep-lat",
      reportNumber   = "SWAT-431, ADP-05-11-T620, JLAB-THY-05-307",
      SLACcitation   = "%%CITATION = HEP-LAT/0504022;%%"
}


@article{Armour:2005mk,
      author         = "Armour, W. and Allton, C. R. and Leinweber, Derek Bruce
                        and Thomas, Anthony William and Young, Ross Daniel",
      title          = "{Unified chiral analysis of the vector meson spectrum
                        from lattice QCD}",
      journal        = "J. Phys.",
      volume         = "G32",
      year           = "2006",
      pages          = "971-992",
      doi            = "10.1088/0954-3899/32/7/007",
      eprint         = "hep-lat/0510078",
      archivePrefix  = "arXiv",
      primaryClass   = "hep-lat",
      reportNumber   = "SWAT-05-404, ADP-05-20-T630, JLAB-THY-05-432",
      SLACcitation   = "%%CITATION = HEP-LAT/0510078;%%"
}


@article{Leinweber:1999ig,
      author         = "Leinweber, Derek Bruce and Thomas, Anthony William and
                        Tsushima, Kazuo and Wright, Stewart Victor",
      title          = "{Baryon masses from lattice QCD: Beyond the perturbative
                        chiral regime}",
      journal        = "Phys. Rev.",
      volume         = "D61",
      year           = "2000",
      pages          = "074502",
      doi            = "10.1103/PhysRevD.61.074502",
      eprint         = "hep-lat/9906027",
      archivePrefix  = "arXiv",
      primaryClass   = "hep-lat",
      reportNumber   = "ADP-99-25-T365",
      SLACcitation   = "%%CITATION = HEP-LAT/9906027;%%"
}


@article{Young:2002cj,
      author         = "Young, Ross Daniel and Leinweber, Derek Bruce and Thomas,
                        Anthony William and Wright, Stewart Victor",
      title          = "{Chiral analysis of quenched baryon masses}",
      journal        = "Phys. Rev.",
      volume         = "D66",
      year           = "2002",
      pages          = "094507",
      doi            = "10.1103/PhysRevD.66.094507",
      eprint         = "hep-lat/0205017",
      archivePrefix  = "arXiv",
      primaryClass   = "hep-lat",
      reportNumber   = "ADP-02-73-T512, LTH-537",
      SLACcitation   = "%%CITATION = HEP-LAT/0205017;%%"
}


@article{Bernard:2005fy,
      author         = "Bernard, Veronique and Hemmert, Thomas R. and Meissner,
                        Ulf-G.",
      title          = "{Chiral extrapolations and the covariant small scale
                        expansion}",
      journal        = "Phys. Lett.",
      volume         = "B622",
      year           = "2005",
      pages          = "141-150",
      doi            = "10.1016/j.physletb.2005.06.088",
      eprint         = "hep-lat/0503022",
      archivePrefix  = "arXiv",
      primaryClass   = "hep-lat",
      reportNumber   = "HISKP-TH-05-08, FZJ-IKP-TH-2005-11, TUM-T39-05-01",
      SLACcitation   = "%%CITATION = HEP-LAT/0503022;%%"
}


@article{Pascalutsa:2005nd,
      author         = "Pascalutsa, Vladimir and Vanderhaeghen, Marc",
      title          = "{The Nucleon and delta-resonance masses in relativistic
                        chiral effective-field theory}",
      journal        = "Phys. Lett.",
      volume         = "B636",
      year           = "2006",
      pages          = "31-39",
      doi            = "10.1016/j.physletb.2006.03.023",
      eprint         = "hep-ph/0511261",
      archivePrefix  = "arXiv",
      primaryClass   = "hep-ph",
      reportNumber   = "WM-05-124, JLAB-THY-05-449",
      SLACcitation   = "%%CITATION = HEP-PH/0511261;%%"
}


@article{McNeile:2006bz,
      author         = "McNeile, C. and Michael, Christopher",
      title          = "{Decay width of light quark hybrid meson from the
                        lattice}",
      collaboration  = "UKQCD",
      journal        = "Phys. Rev.",
      volume         = "D73",
      year           = "2006",
      pages          = "074506",
      doi            = "10.1103/PhysRevD.73.074506",
      eprint         = "hep-lat/0603007",
      archivePrefix  = "arXiv",
      primaryClass   = "hep-lat",
      reportNumber   = "LTH-691",
      SLACcitation   = "%%CITATION = HEP-LAT/0603007;%%"
}


@article{Alexandrou:2015hxa,
      author         = "Alexandrou, Constantia and Negele, John W. and
                        Petschlies, Marcus and Pochinsky, Andrew V. and Syritsyn,
                        Sergey N.",
      title          = "{Study of decuplet baryon resonances from lattice QCD}",
      journal        = "Phys. Rev.",
      volume         = "D93",
      year           = "2016",
      number         = "11",
      pages          = "114515",
      doi            = "10.1103/PhysRevD.93.114515",
      eprint         = "1507.02724",
      archivePrefix  = "arXiv",
      primaryClass   = "hep-lat",
      SLACcitation   = "%%CITATION = ARXIV:1507.02724;%%"
}


@article{Bernard:2008ax,
      author         = "Bernard, Veronique and Lage, Michael and Meissner, Ulf-G.
                        and Rusetsky, Akaki",
      title          = "{Resonance properties from the finite-volume energy
                        spectrum}",
      journal        = "JHEP",
      volume         = "08",
      year           = "2008",
      pages          = "024",
      doi            = "10.1088/1126-6708/2008/08/024",
      eprint         = "0806.4495",
      archivePrefix  = "arXiv",
      primaryClass   = "hep-lat",
      reportNumber   = "HISKP-TH-08-08, FZJ-IKP(TH)-08-10",
      SLACcitation   = "%%CITATION = ARXIV:0806.4495;%%"
}


@article{Giudice:2012tg,
      author         = "Giudice, Pietro and McManus, Darran and Peardon, Mike",
      title          = "{A comparison of analysis techniques for extracting
                        resonance parameters from lattice Monte Carlo data}",
      journal        = "Phys. Rev.",
      volume         = "D86",
      year           = "2012",
      pages          = "074516",
      doi            = "10.1103/PhysRevD.86.074516",
      eprint         = "1204.2745",
      archivePrefix  = "arXiv",
      primaryClass   = "hep-lat",
      SLACcitation   = "%%CITATION = ARXIV:1204.2745;%%"
}




@article{DeGrand:1990ip,
      author         = "DeGrand, Thomas A.",
      title          = "{Resonance masses from Monte Carlo simulations (with
                        emphasis on the rho meson)}",
      journal        = "Phys. Rev.",
      volume         = "D43",
      year           = "1991",
      pages          = "2296-2300",
      doi            = "10.1103/PhysRevD.43.2296",
      reportNumber   = "COLO-HEP-232",
      SLACcitation   = "%%CITATION = PHRVA,D43,2296;%%"
}


@article{Bernard:1993an,
      author         = "Bernard, Claude W. and Blum, Tom and DeGrand, Thomas A.
                        and Detar, Carleton E. and Gottlieb, Steven A. and
                        Krasnitz, Alex and Sugar, R. L. and Toussaint, D.",
      title          = "{Finite size and quark mass effects on the QCD spectrum
                        with two flavors}",
      journal        = "Phys. Rev.",
      volume         = "D48",
      year           = "1993",
      pages          = "4419-4434",
      doi            = "10.1103/PhysRevD.48.4419",
      eprint         = "hep-lat/9305023",
      archivePrefix  = "arXiv",
      primaryClass   = "hep-lat",
      reportNumber   = "IUHET-232, AZPH-TH-93-09, IPS-93-05, UCSBTH-93-09,
                        UUHEP-93-2, BNL-49086",
      SLACcitation   = "%%CITATION = HEP-LAT/9305023;%%"
}


@article{Leinweber:1993yw,
      author         = "Leinweber, Derek B. and Cohen, Thomas D.",
      title          = "{Unquenching the rho meson}",
      journal        = "Phys. Rev.",
      volume         = "D49",
      year           = "1994",
      pages          = "3512-3518",
      doi            = "10.1103/PhysRevD.49.3512",
      eprint         = "hep-ph/9307261",
      archivePrefix  = "arXiv",
      primaryClass   = "hep-ph",
      reportNumber   = "UMD-PP-94-003, DOE-ER-40762-013",
      SLACcitation   = "%%CITATION = HEP-PH/9307261;%%"
}


@article{Allton:1998gi,
      author         = "Allton, C. R. and others",
      title          = "{Light hadron spectroscopy with O(a) improved dynamical
                        fermions}",
      collaboration  = "UKQCD",
      journal        = "Phys. Rev.",
      volume         = "D60",
      year           = "1999",
      pages          = "034507",
      doi            = "10.1103/PhysRevD.60.034507",
      eprint         = "hep-lat/9808016",
      archivePrefix  = "arXiv",
      primaryClass   = "hep-lat",
      reportNumber   = "OUTP-98-53-P, EDINBURGH-98-11, LTH-430, SWAT-196",
      SLACcitation   = "%%CITATION = HEP-LAT/9808016;%%"
}


@article{AliKhan:2001xoi,
      author         = "Ali Khan, A. and others",
      title          = "{Light hadron spectroscopy with two flavors of dynamical
                        quarks on the lattice}",
      collaboration  = "CP-PACS",
      journal        = "Phys. Rev.",
      volume         = "D65",
      year           = "2002",
      pages          = "054505",
      doi            = "10.1103/PhysRevD.65.054505, 10.1103/PhysRevD.67.059901",
      note           = "[Erratum: Phys. Rev.D67,059901(2003)]",
      eprint         = "hep-lat/0105015",
      archivePrefix  = "arXiv",
      primaryClass   = "hep-lat",
      reportNumber   = "UTCCP-P-104",
      SLACcitation   = "%%CITATION = HEP-LAT/0105015;%%"
}


@article{Bernard:2001av,
      author         = "Bernard, Claude W. and Burch, Tom and Orginos, Kostas and
                        Toussaint, Doug and DeGrand, Thomas A. and Detar, Carleton
                        E. and Datta, Saumen and Gottlieb, Steven A. and Heller,
                        Urs M. and Sugar, Robert",
      title          = "{The QCD spectrum with three quark flavors}",
      journal        = "Phys. Rev.",
      volume         = "D64",
      year           = "2001",
      pages          = "054506",
      doi            = "10.1103/PhysRevD.64.054506",
      eprint         = "hep-lat/0104002",
      archivePrefix  = "arXiv",
      primaryClass   = "hep-lat",
      SLACcitation   = "%%CITATION = HEP-LAT/0104002;%%"
}


@article{Lin:2008pr,
      author         = "Lin, Huey-Wen and others",
      title          = "{First results from 2+1 dynamical quark flavors on an
                        anisotropic lattice: Light-hadron spectroscopy and setting
                        the strange-quark mass}",
      collaboration  = "Hadron Spectrum",
      journal        = "Phys. Rev.",
      volume         = "D79",
      year           = "2009",
      pages          = "034502",
      doi            = "10.1103/PhysRevD.79.034502",
      eprint         = "0810.3588",
      archivePrefix  = "arXiv",
      primaryClass   = "hep-lat",
      reportNumber   = "JLAB-THY-08-896, TCDMATH-08-13",
      SLACcitation   = "%%CITATION = ARXIV:0810.3588;%%"
}


@article{Berkowitz:2015eaa,
      author         = "Berkowitz, Evan and Kurth, Thorsten and Nicholson, Amy
                        and Joo, Balint and Rinaldi, Enrico and Strother, Mark and
                        Vranas, Pavlos M. and Walker-Loud, Andre",
      title          = "{Two-Nucleon Higher Partial-Wave Scattering from Lattice
                        QCD}",
      journal        = "Phys. Lett.",
      volume         = "B765",
      year           = "2017",
      pages          = "285-292",
      doi            = "10.1016/j.physletb.2016.12.024",
      eprint         = "1508.00886",
      archivePrefix  = "arXiv",
      primaryClass   = "hep-lat",
      reportNumber   = "LLNL-JRNL-674381, NT@WM-15-13, JLAB-THY-15-2116",
      SLACcitation   = "%%CITATION = ARXIV:1508.00886;%%"
}


@article{Beane:2011iw,
      author         = "Beane, S. R. and Chang, E. and Detmold, W. and Lin, H. W.
                        and Luu, T. C. and Orginos, K. and Parreno, A. and Savage,
                        M. J. and Torok, A. and Walker-Loud, A.",
      title          = "{The Deuteron and Exotic Two-Body Bound States from
                        Lattice QCD}",
      collaboration  = "NPLQCD",
      journal        = "Phys. Rev.",
      volume         = "D85",
      year           = "2012",
      pages          = "054511",
      doi            = "10.1103/PhysRevD.85.054511",
      eprint         = "1109.2889",
      archivePrefix  = "arXiv",
      primaryClass   = "hep-lat",
      reportNumber   = "ICCUB-11-165, NT@UW-11-21, NT-LBNL-11-017,
                        UCB-NPAT-11-012, UNH-11-5, UCB-NPAT-11-012-, --UNH-11-5,
                        JLAB-THY-11-1436",
      SLACcitation   = "%%CITATION = ARXIV:1109.2889;%%"
}


@article{Beane:2012vq,
      author         = "Beane, S. R. and Chang, E. and Cohen, S. D. and Detmold,
                        William and Lin, H. W. and Luu, T. C. and Orginos, K. and
                        Parreno, A. and Savage, M. J. and Walker-Loud, A.",
      title          = "{Light Nuclei and Hypernuclei from Quantum Chromodynamics
                        in the Limit of SU(3) Flavor Symmetry}",
      collaboration  = "NPLQCD",
      journal        = "Phys. Rev.",
      volume         = "D87",
      year           = "2013",
      number         = "3",
      pages          = "034506",
      doi            = "10.1103/PhysRevD.87.034506",
      eprint         = "1206.5219",
      archivePrefix  = "arXiv",
      primaryClass   = "hep-lat",
      reportNumber   = "ICCUB-12-309, JLAB-THY-12-1581, NT-UW-12-09,
                        NT-LBNL-12-012, UCB-NPAT-12-011, UNH-12-04",
      SLACcitation   = "%%CITATION = ARXIV:1206.5219;%%"
}


@article{Yamazaki:2012hi,
      author         = "Yamazaki, Takeshi and Ishikawa, Ken-ichi and Kuramashi,
                        Yoshinobu and Ukawa, Akira",
      title          = "{Helium nuclei, deuteron and dineutron in 2+1 flavor
                        lattice QCD}",
      journal        = "Phys. Rev.",
      volume         = "D86",
      year           = "2012",
      pages          = "074514",
      doi            = "10.1103/PhysRevD.86.074514",
      eprint         = "1207.4277",
      archivePrefix  = "arXiv",
      primaryClass   = "hep-lat",
      reportNumber   = "UTCCS-P-67, UTHEP-642",
      SLACcitation   = "%%CITATION = ARXIV:1207.4277;%%"
}


@article{Yamazaki:2015asa,
      author         = "Yamazaki, Takeshi and Ishikawa, Ken-ichi and Kuramashi,
                        Yoshinobu and Ukawa, Akira",
      title          = "{Study of quark mass dependence of binding energy for
                        light nuclei in 2+1 flavor lattice QCD}",
      journal        = "Phys. Rev.",
      volume         = "D92",
      year           = "2015",
      number         = "1",
      pages          = "014501",
      doi            = "10.1103/PhysRevD.92.014501",
      eprint         = "1502.04182",
      archivePrefix  = "arXiv",
      primaryClass   = "hep-lat",
      reportNumber   = "UTCCS-P-79, UTHEP-668",
      SLACcitation   = "%%CITATION = ARXIV:1502.04182;%%"
}



%%% contains utf-8, see: https://inspirehep.net/info/faq/general#utf8
%%% add \usepackage[utf8]{inputenc} to your latex preamble

@article{Masjuan:2014psa,
      author         = "Masjuan, Pere and Ruiz de Elvira, Jacobo and
                        Sanz-Cillero, Juan Jos√©",
      title          = "{Precise determination of resonance pole parameters
                        through Pad√© approximants}",
      journal        = "Phys. Rev.",
      volume         = "D90",
      year           = "2014",
      number         = "9",
      pages          = "097901",
      doi            = "10.1103/PhysRevD.90.097901",
      eprint         = "1410.2397",
      archivePrefix  = "arXiv",
      primaryClass   = "hep-ph",
      reportNumber   = "MITP-14-070, IFT-UAM-CSIC-14-100, FTUAM-14-38",
      SLACcitation   = "%%CITATION = ARXIV:1410.2397;%%"
}


@article{Ananthanarayan:2000ht,
      author         = "Ananthanarayan, B. and Colangelo, G. and Gasser, J. and
                        Leutwyler, H.",
      title          = "{Roy equation analysis of pi pi scattering}",
      journal        = "Phys. Rept.",
      volume         = "353",
      year           = "2001",
      pages          = "207-279",
      doi            = "10.1016/S0370-1573(01)00009-6",
      eprint         = "hep-ph/0005297",
      archivePrefix  = "arXiv",
      primaryClass   = "hep-ph",
      reportNumber   = "IISC-CTS-12-99, ZU-TH-10-00, BUTP-99-33",
      SLACcitation   = "%%CITATION = HEP-PH/0005297;%%"
}


@article{Colangelo:2001df,
      author         = "Colangelo, G. and Gasser, J. and Leutwyler, H.",
      title          = "{$\pi \pi$ scattering}",
      journal        = "Nucl. Phys.",
      volume         = "B603",
      year           = "2001",
      pages          = "125-179",
      doi            = "10.1016/S0550-3213(01)00147-X",
      eprint         = "hep-ph/0103088",
      archivePrefix  = "arXiv",
      primaryClass   = "hep-ph",
      reportNumber   = "ZU-TH-3-01, BUTP-01-1",
      SLACcitation   = "%%CITATION = HEP-PH/0103088;%%"
}


@article{Zhou:2004ms,
      author         = "Zhou, Z. Y. and Qin, G. Y. and Zhang, P. and Xiao,
                        Zhiguang and Zheng, H. Q. and Wu, N.",
      title          = "{The Pole structure of the unitary, crossing symmetric
                        low energy pi pi scattering amplitudes}",
      journal        = "JHEP",
      volume         = "02",
      year           = "2005",
      pages          = "043",
      doi            = "10.1088/1126-6708/2005/02/043",
      eprint         = "hep-ph/0406271",
      archivePrefix  = "arXiv",
      primaryClass   = "hep-ph",
      SLACcitation   = "%%CITATION = HEP-PH/0406271;%%"
}


@article{Masjuan:2013jha,
      author         = "Masjuan, Pere and Sanz-Cillero, Juan Jose",
      title          = "{Pade approximants and resonance poles}",
      journal        = "Eur. Phys. J.",
      volume         = "C73",
      year           = "2013",
      pages          = "2594",
      doi            = "10.1140/epjc/s10052-013-2594-4",
      eprint         = "1306.6308",
      archivePrefix  = "arXiv",
      primaryClass   = "hep-ph",
      SLACcitation   = "%%CITATION = ARXIV:1306.6308;%%"
}



@article{Flatte:1976xv,
      author         = "Flatte, Stanley M.",
      title          = "{On the Nature of 0+ Mesons}",
      journal        = "Phys. Lett.",
      volume         = "B63",
      year           = "1976",
      pages          = "228-230",
      doi            = "10.1016/0370-2693(76)90655-9",
      reportNumber   = "CERN-EP-PHYS-76-9",
      SLACcitation   = "%%CITATION = PHLTA,B63,228;%%"
}


@article{Flatte:1976xu,
      author         = "Flatte, Stanley M.",
      title          = "{Coupled - Channel Analysis of the pi eta and K anti-K
                        Systems Near K anti-K Threshold}",
      journal        = "Phys. Lett.",
      volume         = "B63",
      year           = "1976",
      pages          = "224-227",
      doi            = "10.1016/0370-2693(76)90654-7",
      reportNumber   = "CERN-EP-PHYS-76-8",
      SLACcitation   = "%%CITATION = PHLTA,B63,224;%%"
}


@article{Michael:1985ne,
      author         = "Michael, Christopher",
      title          = "{Adjoint Sources in Lattice Gauge Theory}",
      journal        = "Nucl. Phys.",
      volume         = "B259",
      year           = "1985",
      pages          = "58-76",
      doi            = "10.1016/0550-3213(85)90297-4",
      reportNumber   = "LTH 125",
      SLACcitation   = "%%CITATION = NUPHA,B259,58;%%"
}


@article{Dudek:2007wv,
      author         = "Dudek, Jozef J. and Edwards, Robert G. and Mathur,
                        Nilmani and Richards, David G.",
      title          = "{Charmonium excited state spectrum in lattice QCD}",
      journal        = "Phys. Rev.",
      volume         = "D77",
      year           = "2008",
      pages          = "034501",
      doi            = "10.1103/PhysRevD.77.034501",
      eprint         = "0707.4162",
      archivePrefix  = "arXiv",
      primaryClass   = "hep-lat",
      reportNumber   = "JLAB-THY-07-689",
      SLACcitation   = "%%CITATION = ARXIV:0707.4162;%%"
}

@article{Lang:2014yfa,
      author         = "Lang, C. B. and Leskovec, Luka and Mohler, Daniel and
                        Prelovsek, Sasa and Woloshyn, R. M.",
      title          = "{Ds mesons with DK and D*K scattering near threshold}",
      journal        = "Phys. Rev.",
      volume         = "D90",
      year           = "2014",
      number         = "3",
      pages          = "034510",
      doi            = "10.1103/PhysRevD.90.034510",
      eprint         = "1403.8103",
      archivePrefix  = "arXiv",
      primaryClass   = "hep-lat",
      reportNumber   = "FERMILAB-PUB-14-063-T",
      SLACcitation   = "%%CITATION = ARXIV:1403.8103;%%"
}

@article{Huang:1957im,
      author         = "Huang, Kerson and Yang, C. N.",
      title          = "{Quantum-mechanical many-body problem with hard-sphere
                        interaction}",
      journal        = "Phys. Rev.",
      volume         = "105",
      year           = "1957",
      pages          = "767-775",
      doi            = "10.1103/PhysRev.105.767",
      SLACcitation   = "%%CITATION = PHRVA,105,767;%%"
}

@book{Gribov:1186219,
      author        = "Gribov, Vladimir",
      title         = "{Strong interactions of hadrons at high energies: Gribov
                       lectures on theoretical physics}",
      publisher     = "Cambridge Univ. Press",
      address       = "Cambridge",
      series        = "Cambridge monographs on particle physics, nuclear physics,
                       and cosmology",
      year          = "2008",
      url           = "https://cds.cern.ch/record/1186219",
}